<?xml version="1.0" encoding="UTF-8"?>
<collection><record><leader>04019cas a2200937   4500</leader><controlfield tag="001">991016697709702917</controlfield><controlfield tag="005">20160405022002.7</controlfield><controlfield tag="008">750727c19279999enkbr p   o   0   a0eng c</controlfield><datafield tag="010" ind1=" " ind2=" "><subfield code="a">   29021740 </subfield></datafield><datafield tag="012" ind1=" " ind2=" "><subfield code="a">3</subfield><subfield code="b">3</subfield><subfield code="k">1</subfield><subfield code="m">1</subfield></datafield><datafield tag="016" ind1="7" ind2=" "><subfield code="a">100966116</subfield><subfield code="2">DNLM</subfield></datafield><datafield tag="016" ind1="7" ind2=" "><subfield code="a">010461245</subfield><subfield code="2">Uk</subfield></datafield><datafield tag="019" ind1=" " ind2=" "><subfield code="a">417035500</subfield><subfield code="a">615525629</subfield><subfield code="a">624393254</subfield><subfield code="a">656782913</subfield><subfield code="a">785820215</subfield></datafield><datafield tag="022" ind1=" " ind2=" "><subfield code="a">0003-598X</subfield><subfield code="l">0003-598X</subfield><subfield code="2">z</subfield></datafield><datafield tag="029" ind1="1" ind2=" "><subfield code="a">NLM</subfield><subfield code="b">100966116</subfield></datafield><datafield tag="029" ind1="1" ind2=" "><subfield code="a">NZ1</subfield><subfield code="b">5082372</subfield></datafield><datafield tag="029" ind1="1" ind2=" "><subfield code="a">AU@</subfield><subfield code="b">000000889397</subfield></datafield><datafield tag="029" ind1="1" ind2=" "><subfield code="a">AU@</subfield><subfield code="b">000021444239</subfield></datafield><datafield tag="029" ind1="1" ind2=" "><subfield code="a">AU@</subfield><subfield code="b">000021918501</subfield></datafield><datafield tag="029" ind1="1" ind2=" "><subfield code="a">AU@</subfield><subfield code="b">000024360438</subfield></datafield><datafield tag="029" ind1="1" ind2=" "><subfield code="a">NZ1</subfield><subfield code="b">12591584</subfield></datafield><datafield tag="029" ind1="1" ind2=" "><subfield code="a">NZ1</subfield><subfield code="b">1477414</subfield></datafield><datafield tag="030" ind1=" " ind2=" "><subfield code="a">ATQYAF</subfield></datafield><datafield tag="032" ind1=" " ind2=" "><subfield code="a">007164</subfield><subfield code="b">USPS</subfield></datafield><datafield tag="035" ind1=" " ind2=" "><subfield code="a">ocm01481624-01cals_network</subfield></datafield><datafield tag="035" ind1=" " ind2=" "><subfield code="a">(OCoLC)ocm01481624 </subfield><subfield code="9">ExL</subfield></datafield><datafield tag="035" ind1=" " ind2=" "><subfield code="a">(OCoLC)01481624</subfield><subfield code="z">(OCoLC)417035500</subfield><subfield code="z">(OCoLC)615525629</subfield><subfield code="z">(OCoLC)624393254</subfield><subfield code="z">(OCoLC)656782913</subfield><subfield code="z">(OCoLC)785820215</subfield></datafield><datafield tag="035" ind1=" " ind2=" "><subfield code="a">(EXLNZ-01CALS_NETWORK)991029190669702901</subfield></datafield><datafield tag="037" ind1=" " ind2=" "><subfield code="b">Journals Subscriptions, Oxford University Press, Pinkhill House, Southfield Rd., Eynsham, Oxford OX8 1JJ, U.K.</subfield></datafield><datafield tag="040" ind1=" " ind2=" "><subfield code="a">MUL</subfield><subfield code="b">eng</subfield><subfield code="c">MUL</subfield><subfield code="d">FUL</subfield><subfield code="d">SUL</subfield><subfield code="d">BTI</subfield><subfield code="d">YUS</subfield><subfield code="d">NYG</subfield><subfield code="d">OCL</subfield><subfield code="d">DLC</subfield><subfield code="d">AIP</subfield><subfield code="d">HUL</subfield><subfield code="d">IUL</subfield><subfield code="d">NSD</subfield><subfield code="d">CAS</subfield><subfield code="d">NSD</subfield><subfield code="d">HUL</subfield><subfield code="d">NST</subfield><subfield code="d">IUL</subfield><subfield code="d">SYS</subfield><subfield code="d">LYU</subfield><subfield code="d">NLM</subfield><subfield code="d">OCLCQ</subfield><subfield code="d">CUS</subfield><subfield code="d">NLGGC</subfield><subfield code="d">DLC</subfield><subfield code="d">LVB</subfield><subfield code="d">DLC</subfield><subfield code="d">OCLCG</subfield><subfield code="d">CRU</subfield><subfield code="d">OCLCQ</subfield><subfield code="d">VRC</subfield><subfield code="d">UKMGB</subfield><subfield code="d">NOC</subfield><subfield code="d">OCLCF</subfield><subfield code="d">OCLCO</subfield><subfield code="d">CUS</subfield><subfield code="d">HUL</subfield><subfield code="d">EUW</subfield><subfield code="d">OCLCO</subfield><subfield code="d">CDS</subfield></datafield><datafield tag="042" ind1=" " ind2=" "><subfield code="a">pcc</subfield><subfield code="a">nsdp</subfield></datafield><datafield tag="043" ind1=" " ind2=" "><subfield code="a">e-uk---</subfield></datafield><datafield tag="049" ind1=" " ind2=" "><subfield code="a">MAIN</subfield></datafield><datafield tag="050" ind1="0" ind2="0"><subfield code="a">CC1</subfield><subfield code="b">.A7</subfield></datafield><datafield tag="050" ind1="1" ind2="4"><subfield code="a">GN1</subfield><subfield code="b">.A64</subfield></datafield><datafield tag="082" ind1="0" ind2="4"><subfield code="a">930/.05</subfield><subfield code="2">19</subfield></datafield><datafield tag="210" ind1="0" ind2=" "><subfield code="a">Antiquity</subfield></datafield><datafield tag="222" ind1=" " ind2="0"><subfield code="a">Antiquity</subfield></datafield><datafield tag="245" ind1="0" ind2="0"><subfield code="a">Antiquity.</subfield></datafield><datafield tag="260" ind1=" " ind2=" "><subfield code="3">1927-2014:</subfield><subfield code="a">[Gloucester, Eng.]</subfield><subfield code="b">Antiquity Publications [etc.]</subfield></datafield><datafield tag="264" ind1="3" ind2="1"><subfield code="3">2015-:</subfield><subfield code="a">[Cambridge, England] :</subfield><subfield code="b">Cambridge University Press for Antiquity Publications Ltd.</subfield></datafield><datafield tag="300" ind1=" " ind2=" "><subfield code="a">v.</subfield><subfield code="b">ill., plans.</subfield><subfield code="c">25 cm.</subfield></datafield><datafield tag="310" ind1=" " ind2=" "><subfield code="a">Six issues a year,</subfield><subfield code="b">2015-</subfield></datafield><datafield tag="321" ind1=" " ind2=" "><subfield code="a">Quarterly,</subfield><subfield code="b">Mar. 1927-</subfield></datafield><datafield tag="321" ind1=" " ind2=" "><subfield code="a">3 no. a year,</subfield><subfield code="b">&lt;1981-&gt;</subfield></datafield><datafield tag="321" ind1=" " ind2=" "><subfield code="a">Quarterly,</subfield><subfield code="b">&lt;Mar. 1991&gt;-2014</subfield></datafield><datafield tag="362" ind1="0" ind2=" "><subfield code="a">v. 1- Mar. 1927-</subfield></datafield><datafield tag="500" ind1=" " ind2=" "><subfield code="a">"A periodical review of archaeology." (varies).</subfield></datafield><datafield tag="500" ind1=" " ind2=" "><subfield code="a">Editor: Mar. 1927- O.G.S. Crawford.</subfield></datafield><datafield tag="500" ind1=" " ind2=" "><subfield code="a">Kislak Ref. Collection: Vol. 62, no. 234 (Mar. 1988); 5 leaves of printed material and one manuscript note, signed Jeanne Sweeney , laid in.</subfield><subfield code="5">DLC</subfield></datafield><datafield tag="520" ind1=" " ind2=" "><subfield code="a">Includes section: Reviews.</subfield></datafield><datafield tag="530" ind1=" " ind2=" "><subfield code="a">Tables of contents and selected articles published also online.</subfield></datafield><datafield tag="530" ind1=" " ind2=" "><subfield code="a">Also issued online.</subfield></datafield><datafield tag="555" ind1=" " ind2=" "><subfield code="a">Vols. 1-25, 1927-51. 1 v.; v. 26-50, 1952-76. 1 v.; v. 51-65, 1976-91. 1 v.</subfield></datafield><datafield tag="561" ind1=" " ind2=" "><subfield code="a">Provenance: Gift of Jay I. Kislak Foundation.</subfield><subfield code="5">DLC</subfield></datafield><datafield tag="588" ind1=" " ind2=" "><subfield code="a">Description based on: Mar. 1991.</subfield></datafield><datafield tag="588" ind1=" " ind2=" "><subfield code="a">Latest issue consulted: Volume 89, number 343 (February 2015).</subfield></datafield><datafield tag="650" ind1=" " ind2="0"><subfield code="a">Archaeology</subfield><subfield code="v">Periodicals.</subfield></datafield><datafield tag="651" ind1=" " ind2="0"><subfield code="a">Great Britain</subfield><subfield code="x">Antiquities</subfield><subfield code="v">Periodicals.</subfield></datafield><datafield tag="650" ind1=" " ind2="6"><subfield code="a">Archéologie</subfield><subfield code="v">Périodiques.</subfield></datafield><datafield tag="651" ind1=" " ind2="6"><subfield code="a">Grande-Bretagne</subfield><subfield code="x">Antiquités</subfield><subfield code="v">Périodiques.</subfield></datafield><datafield tag="650" ind1="1" ind2="7"><subfield code="a">Archeologie.</subfield><subfield code="2">gtt</subfield></datafield><datafield tag="650" ind1=" " ind2="7"><subfield code="a">Antiquities.</subfield><subfield code="2">fast</subfield><subfield code="0">(OCoLC)fst00810745</subfield></datafield><datafield tag="650" ind1=" " ind2="7"><subfield code="a">Archaeology.</subfield><subfield code="2">fast</subfield><subfield code="0">(OCoLC)fst00812938</subfield></datafield><datafield tag="651" ind1=" " ind2="7"><subfield code="a">Great Britain.</subfield><subfield code="2">fast</subfield><subfield code="0">(OCoLC)fst01204623</subfield></datafield><datafield tag="655" ind1=" " ind2="7"><subfield code="a">Periodicals.</subfield><subfield code="2">fast</subfield><subfield code="0">(OCoLC)fst01411641</subfield></datafield><datafield tag="655" ind1=" " ind2="7"><subfield code="a">Periodicals.</subfield><subfield code="2">rbgenr</subfield></datafield><datafield tag="700" ind1="1" ind2=" "><subfield code="a">Crawford, Osbert Guy Stanhope,</subfield><subfield code="d">1886-1957.</subfield></datafield><datafield tag="710" ind1="2" ind2=" "><subfield code="a">Jay I. Kislak Reference Collection (Library of Congress)</subfield><subfield code="5">DLC</subfield></datafield><datafield tag="776" ind1="0" ind2="8"><subfield code="i">Online version:</subfield><subfield code="t">Antiquity</subfield><subfield code="x">1745-1744</subfield><subfield code="w">(DLC)  2011236811</subfield><subfield code="w">(OCoLC)60639524</subfield></datafield><datafield tag="850" ind1=" " ind2=" "><subfield code="a">DLC</subfield><subfield code="a">DNGA</subfield><subfield code="a">InU</subfield><subfield code="a">MH</subfield><subfield code="a">MH-Hi</subfield><subfield code="a">NN</subfield></datafield><datafield tag="856" ind1="4" ind2="1"><subfield code="3">Tables of contents and selected recent articles</subfield><subfield code="u">http://intarch.ac.uk/antiquity/index.html</subfield></datafield><datafield tag="856" ind1="4" ind2="1"><subfield code="u">http://journals.cambridge.org/action/displayBackIssues?jid=AQY</subfield></datafield><datafield tag="891" ind1="0" ind2="0"><subfield code="9">853</subfield><subfield code="8">1</subfield><subfield code="a">v.</subfield><subfield code="b">no.</subfield><subfield code="i">(year)</subfield><subfield code="j">(month)</subfield></datafield><datafield tag="891" ind1="4" ind2="0"><subfield code="9">863</subfield><subfield code="8">1</subfield><subfield code="a">&lt;1&gt;-</subfield><subfield code="i">&lt;1927&gt;-</subfield><subfield code="x">provisional</subfield></datafield><datafield tag="891" ind1="0" ind2="3"><subfield code="9">853</subfield><subfield code="8">2</subfield><subfield code="a">v.</subfield><subfield code="b">no.</subfield><subfield code="i">(year)</subfield><subfield code="j">(month)</subfield></datafield><datafield tag="891" ind1="4" ind2="0"><subfield code="9">863</subfield><subfield code="8">2</subfield><subfield code="a">&lt;22&gt;-</subfield><subfield code="b">&lt;85&gt;-</subfield><subfield code="i">&lt;1948&gt;-</subfield><subfield code="x">provisional</subfield></datafield><datafield tag="891" ind1="2" ind2="0"><subfield code="9">853</subfield><subfield code="8">3</subfield><subfield code="a">v.</subfield><subfield code="b">no.</subfield><subfield code="u">4</subfield><subfield code="v">c</subfield><subfield code="i">(year)</subfield><subfield code="j">(month)</subfield><subfield code="w">q</subfield><subfield code="x">03</subfield></datafield><datafield tag="891" ind1="4" ind2="0"><subfield code="9">863</subfield><subfield code="8">3.1</subfield><subfield code="a">&lt;75&gt;-88</subfield><subfield code="b">&lt;287&gt;-342</subfield><subfield code="i">&lt;2001&gt;-2014</subfield><subfield code="j">&lt;03&gt;</subfield></datafield><datafield tag="891" ind1="2" ind2="0"><subfield code="9">853</subfield><subfield code="8">4</subfield><subfield code="a">v.</subfield><subfield code="b">no.</subfield><subfield code="u">6</subfield><subfield code="v">c</subfield><subfield code="i">(year)</subfield><subfield code="j">(month)</subfield><subfield code="w">b</subfield><subfield code="x">02</subfield></datafield><datafield tag="891" ind1="4" ind2="1"><subfield code="9">863</subfield><subfield code="8">4.1</subfield><subfield code="a">89-</subfield><subfield code="b">343-</subfield><subfield code="i">2015-</subfield><subfield code="j">02-</subfield></datafield><datafield tag="852" ind1="0" ind2=" "><subfield code="8">22200038000002917</subfield><subfield code="b">Main</subfield><subfield code="c">pru</subfield><subfield code="h">CC1 .A7</subfield></datafield><datafield tag="855" ind1=" " ind2=" "><subfield code="8">22200038010002917.5</subfield><subfield code="8">22200038010002917.1</subfield><subfield code="8">1</subfield><subfield code="a">v.</subfield><subfield code="i">(year)</subfield></datafield><datafield tag="852" ind1="0" ind2="1"><subfield code="8">22200038010002917</subfield><subfield code="b">Main</subfield><subfield code="c">psx</subfield><subfield code="h">CC1</subfield><subfield code="i">.A7</subfield></datafield><datafield tag="853" ind1=" " ind2=" "><subfield code="8">22200038010002917.2</subfield><subfield code="8">1</subfield><subfield code="a">v.</subfield><subfield code="b">no.</subfield><subfield code="i">(year)</subfield><subfield code="j">(month)</subfield></datafield><datafield tag="853" ind1=" " ind2=" "><subfield code="8">22200038010002917.3</subfield><subfield code="8">4</subfield><subfield code="a">v.</subfield><subfield code="b">no.</subfield><subfield code="u">6</subfield><subfield code="v">c</subfield><subfield code="i">(year)</subfield><subfield code="j">(month)</subfield><subfield code="w">b</subfield><subfield code="x">02</subfield></datafield><datafield tag="853" ind1="9" ind2=" "><subfield code="8">22200038010002917.4</subfield><subfield code="8">4.1</subfield><subfield code="a">90</subfield><subfield code="b">349</subfield><subfield code="i">2016</subfield><subfield code="j">02</subfield><subfield code="3">201602</subfield></datafield><datafield tag="863" ind1=" " ind2=" "><subfield code="8">22200038010002917.6</subfield><subfield code="8">1.1</subfield><subfield code="a">3-4</subfield><subfield code="b">10-16</subfield><subfield code="i">1929-1930</subfield><subfield code="j">06-12</subfield></datafield><datafield tag="863" ind1=" " ind2=" "><subfield code="8">22200038010002917.7</subfield><subfield code="8">1.2</subfield><subfield code="a">6</subfield><subfield code="b">21</subfield><subfield code="i">1932</subfield><subfield code="j">03</subfield></datafield><datafield tag="863" ind1=" " ind2=" "><subfield code="8">22200038010002917.8</subfield><subfield code="8">1.3</subfield><subfield code="a">6-7</subfield><subfield code="b">23-25</subfield><subfield code="i">1932-1933</subfield><subfield code="j">09-03</subfield></datafield><datafield tag="863" ind1=" " ind2=" "><subfield code="8">22200038010002917.9</subfield><subfield code="8">1.4</subfield><subfield code="a">8</subfield><subfield code="b">32</subfield><subfield code="i">1934</subfield><subfield code="j">12</subfield></datafield><datafield tag="863" ind1=" " ind2=" "><subfield code="8">22200038010002917.10</subfield><subfield code="8">1.5</subfield><subfield code="a">9-9</subfield><subfield code="b">34-35</subfield><subfield code="i">1935</subfield><subfield code="j">06-09</subfield></datafield><datafield tag="863" ind1=" " ind2=" "><subfield code="8">22200038010002917.11</subfield><subfield code="8">1.6</subfield><subfield code="a">10</subfield><subfield code="b">37</subfield><subfield code="i">1936</subfield><subfield code="j">03</subfield></datafield><datafield tag="863" ind1=" " ind2=" "><subfield code="8">22200038010002917.12</subfield><subfield code="8">1.7</subfield><subfield code="a">17-18</subfield><subfield code="b">65-72</subfield><subfield code="i">1943-1944</subfield><subfield code="j">03-12</subfield></datafield><datafield tag="863" ind1=" " ind2=" "><subfield code="8">22200038010002917.13</subfield><subfield code="8">1.8</subfield><subfield code="a">19-</subfield><subfield code="b">74-</subfield><subfield code="i">1945-</subfield><subfield code="j">06-</subfield></datafield><datafield tag="865" ind1=" " ind2=" "><subfield code="8">22200038010002917.14</subfield><subfield code="8">1.1</subfield><subfield code="a">51/65</subfield><subfield code="i">1976/1991</subfield></datafield><datafield tag="852" ind1="0" ind2=" "><subfield code="8">22200038850002917</subfield><subfield code="b">Main</subfield><subfield code="c">ps5</subfield><subfield code="h">CC1 .A7</subfield></datafield><datafield tag="974" ind1=" " ind2=" "><subfield code="a">p recat rm; barcoded/DISPLAYED-rm 06/11</subfield><subfield code="9">LOCAL</subfield></datafield><datafield tag="974" ind1=" " ind2=" "><subfield code="a">SerSol print list 10/09--rm</subfield><subfield code="9">LOCAL</subfield></datafield><datafield tag="974" ind1=" " ind2=" "><subfield code="a">ypsersreclamy</subfield><subfield code="9">LOCAL</subfield></datafield><datafield tag="994" ind1=" " ind2=" "><subfield code="a">92</subfield><subfield code="b">CAC</subfield></datafield><datafield tag="995" ind1=" " ind2=" "><subfield code="a">CSU initial load collection</subfield></datafield></record>