<record><leader>03192cas a2200757 a 4500</leader><controlfield tag="001">991004253249702917</controlfield><controlfield tag="005">20160405022611.2</controlfield><controlfield tag="008">860612c19869999flufx p       0   a0eng c</controlfield><datafield tag="010" ind1=" " ind2=" "><subfield code="a">sf 93091419 </subfield><subfield code="z">sn 86001766 </subfield></datafield><datafield tag="012" ind1=" " ind2=" "><subfield code="i">8802</subfield><subfield code="k">1</subfield><subfield code="l">1</subfield></datafield><datafield tag="016" ind1="7" ind2=" "><subfield code="a">010490198</subfield><subfield code="2">Uk</subfield></datafield><datafield tag="022" ind1="0" ind2=" "><subfield code="a">0888-7985</subfield><subfield code="l">0888-7985</subfield><subfield code="2">1</subfield></datafield><datafield tag="029" ind1="1" ind2=" "><subfield code="a">NLGGC</subfield><subfield code="b">16124291X</subfield></datafield><datafield tag="029" ind1="1" ind2=" "><subfield code="a">NZ1</subfield><subfield code="b">4126733</subfield></datafield><datafield tag="029" ind1="1" ind2=" "><subfield code="a">AU@</subfield><subfield code="b">000004692107</subfield></datafield><datafield tag="029" ind1="1" ind2=" "><subfield code="a">AU@</subfield><subfield code="b">000021802563</subfield></datafield><datafield tag="029" ind1="1" ind2=" "><subfield code="a">NZ1</subfield><subfield code="b">12081936</subfield></datafield><datafield tag="030" ind1=" " ind2=" "><subfield code="a">JINFE3</subfield></datafield><datafield tag="035" ind1=" " ind2=" "><subfield code="a">ocm13721495-01cals_network</subfield></datafield><datafield tag="035" ind1=" " ind2=" "><subfield code="a">(OCoLC)ocm13721495 </subfield><subfield code="9">ExL</subfield></datafield><datafield tag="035" ind1=" " ind2=" "><subfield code="a">(OCoLC)13721495</subfield></datafield><datafield tag="035" ind1=" " ind2=" "><subfield code="a">(EXLNZ-01CALS_NETWORK)991037230619702901</subfield></datafield><datafield tag="037" ind1=" " ind2=" "><subfield code="b">American Accounting Association, 5717 Bessie Dr., Sarasota, FL 33583</subfield></datafield><datafield tag="040" ind1=" " ind2=" "><subfield code="a">NSD</subfield><subfield code="b">eng</subfield><subfield code="c">NSD</subfield><subfield code="d">CLU</subfield><subfield code="d">NST</subfield><subfield code="d">IUL</subfield><subfield code="d">NST</subfield><subfield code="d">CAS</subfield><subfield code="d">NST</subfield><subfield code="d">NSD</subfield><subfield code="d">DLC</subfield><subfield code="d">WAU</subfield><subfield code="d">OCLCQ</subfield><subfield code="d">ORZ</subfield><subfield code="d">NSD</subfield><subfield code="d">NLGGC</subfield><subfield code="d">LVB</subfield><subfield code="d">OCLCQ</subfield><subfield code="d">UKMGB</subfield><subfield code="d">OCLCF</subfield><subfield code="d">OCLCO</subfield><subfield code="d">CDS</subfield></datafield><datafield tag="042" ind1=" " ind2=" "><subfield code="a">nsdp</subfield><subfield code="a">pcc</subfield></datafield><datafield tag="049" ind1=" " ind2=" "><subfield code="a">MAIN</subfield></datafield><datafield tag="050" ind1="0" ind2="0"><subfield code="a">WMLC 93/1308</subfield></datafield><datafield tag="050" ind1="1" ind2="4"><subfield code="a">HF5657</subfield><subfield code="b">.J68</subfield></datafield><datafield tag="082" ind1="1" ind2="0"><subfield code="a">025</subfield><subfield code="2">11</subfield></datafield><datafield tag="210" ind1="0" ind2=" "><subfield code="a">J. inf. syst.</subfield></datafield><datafield tag="222" ind1=" " ind2="0"><subfield code="a">Journal of information systems</subfield></datafield><datafield tag="245" ind1="0" ind2="4"><subfield code="a">The Journal of information systems.</subfield></datafield><datafield tag="260" ind1=" " ind2=" "><subfield code="a">Sarasota, Fla. :</subfield><subfield code="b">Information Systems/Management Advisory Services Section, American Accounting Association,</subfield><subfield code="c">c1986-</subfield></datafield><datafield tag="300" ind1=" " ind2=" "><subfield code="a">v. ;</subfield><subfield code="c">26 cm.</subfield></datafield><datafield tag="310" ind1=" " ind2=" "><subfield code="a">Three issues yearly,</subfield><subfield code="b">2015-</subfield></datafield><datafield tag="321" ind1=" " ind2=" "><subfield code="a">Two no. a year,</subfield><subfield code="b">-2014</subfield></datafield><datafield tag="362" ind1="0" ind2=" "><subfield code="a">Vol. 1, no. 1 (fall 1986)-</subfield></datafield><datafield tag="500" ind1=" " ind2=" "><subfield code="a">Issues also have theme titles.</subfield></datafield><datafield tag="500" ind1=" " ind2=" "><subfield code="a">Title from cover.</subfield></datafield><datafield tag="525" ind1=" " ind2=" "><subfield code="a">Supplements accompany some vols.</subfield></datafield><datafield tag="530" ind1=" " ind2=" "><subfield code="a">Also issued online.</subfield></datafield><datafield tag="650" ind1=" " ind2="0"><subfield code="a">Accounting</subfield><subfield code="x">Data processing</subfield><subfield code="v">Periodicals.</subfield></datafield><datafield tag="650" ind1=" " ind2="0"><subfield code="a">Information storage and retrieval systems</subfield><subfield code="x">Accounting</subfield><subfield code="v">Periodicals.</subfield></datafield><datafield tag="650" ind1=" " ind2="0"><subfield code="a">Management information systems</subfield><subfield code="v">Periodicals.</subfield></datafield><datafield tag="650" ind1=" " ind2="0"><subfield code="a">Management</subfield><subfield code="x">Data processing</subfield><subfield code="v">Periodicals.</subfield></datafield><datafield tag="650" ind1="1" ind2="7"><subfield code="a">Informatiesystemen.</subfield><subfield code="2">gtt</subfield></datafield><datafield tag="650" ind1="1" ind2="7"><subfield code="a">Decision support systems.</subfield><subfield code="2">gtt</subfield></datafield><datafield tag="650" ind1="1" ind2="7"><subfield code="a">Management informatiesystemen.</subfield><subfield code="2">gtt</subfield></datafield><datafield tag="650" ind1=" " ind2="6"><subfield code="a">Comptabilité</subfield><subfield code="x">Informatique</subfield><subfield code="v">Périodiques.</subfield></datafield><datafield tag="650" ind1=" " ind2="6"><subfield code="a">Systèmes d'information</subfield><subfield code="x">Comptabilité</subfield><subfield code="v">Périodiques.</subfield></datafield><datafield tag="650" ind1=" " ind2="6"><subfield code="a">Systèmes d'information de gestion</subfield><subfield code="v">Périodiques.</subfield></datafield><datafield tag="650" ind1=" " ind2="6"><subfield code="a">Gestion</subfield><subfield code="x">Informatique</subfield><subfield code="v">Périodiques.</subfield></datafield><datafield tag="650" ind1=" " ind2="7"><subfield code="a">Accounting</subfield><subfield code="x">Data processing.</subfield><subfield code="2">fast</subfield><subfield code="0">(OCoLC)fst00795400</subfield></datafield><datafield tag="650" ind1=" " ind2="7"><subfield code="a">Information storage and retrieval systems</subfield><subfield code="x">Accounting.</subfield><subfield code="2">fast</subfield><subfield code="0">(OCoLC)fst00972782</subfield></datafield><datafield tag="650" ind1=" " ind2="7"><subfield code="a">Management</subfield><subfield code="x">Data processing.</subfield><subfield code="2">fast</subfield><subfield code="0">(OCoLC)fst01007162</subfield></datafield><datafield tag="650" ind1=" " ind2="7"><subfield code="a">Management information systems.</subfield><subfield code="2">fast</subfield><subfield code="0">(OCoLC)fst01007271</subfield></datafield><datafield tag="655" ind1=" " ind2="7"><subfield code="a">Periodicals.</subfield><subfield code="2">fast</subfield><subfield code="0">(OCoLC)fst01411641</subfield></datafield><datafield tag="710" ind1="2" ind2=" "><subfield code="a">American Accounting Association.</subfield><subfield code="b">Information Systems/Management Advisory Services Section.</subfield></datafield><datafield tag="776" ind1="1" ind2=" "><subfield code="t">Journal of information systems (Online)</subfield><subfield code="x">1558-7959</subfield><subfield code="w">(DLC)  2005212510</subfield><subfield code="w">(OCoLC)43311558</subfield></datafield><datafield tag="850" ind1=" " ind2=" "><subfield code="a">AU</subfield><subfield code="a">AzTeS</subfield><subfield code="a">CLU</subfield><subfield code="a">CaOTU</subfield><subfield code="a">CoFS</subfield><subfield code="a">DeU</subfield><subfield code="a">DLC</subfield><subfield code="a">IaU</subfield><subfield code="a">InLP</subfield><subfield code="a">InU</subfield><subfield code="a">MdU</subfield><subfield code="a">MnU</subfield><subfield code="a">MsU</subfield><subfield code="a">NcU</subfield><subfield code="a">OCU</subfield><subfield code="a">OU</subfield><subfield code="a">PBL</subfield><subfield code="a">TU</subfield><subfield code="a">ViBlbV</subfield><subfield code="a">WaU</subfield></datafield><datafield tag="856" ind1="4" ind2="1"><subfield code="u">http://www.aaahq.org/ic/browse.htm</subfield></datafield><datafield tag="891" ind1="2" ind2="0"><subfield code="9">853</subfield><subfield code="8">1</subfield><subfield code="a">v.</subfield><subfield code="b">no.</subfield><subfield code="u">2</subfield><subfield code="v">r</subfield><subfield code="i">(year)</subfield><subfield code="j">(season)</subfield><subfield code="w">f</subfield></datafield><datafield tag="891" ind1="4" ind2="0"><subfield code="9">863</subfield><subfield code="8">1.1</subfield><subfield code="a">&lt;17&gt;-28</subfield><subfield code="b">&lt;2&gt;-2</subfield><subfield code="i">&lt;2003&gt;-2014</subfield><subfield code="j">&lt;23&gt;-23</subfield></datafield><datafield tag="891" ind1="2" ind2="0"><subfield code="9">853</subfield><subfield code="8">2</subfield><subfield code="a">v.</subfield><subfield code="b">no.</subfield><subfield code="u">3</subfield><subfield code="v">r</subfield><subfield code="i">(year)</subfield><subfield code="j">(season)</subfield><subfield code="w">3</subfield><subfield code="x">21,22,23</subfield></datafield><datafield tag="891" ind1="4" ind2="1"><subfield code="9">863</subfield><subfield code="8">2.1</subfield><subfield code="a">29</subfield><subfield code="b">1</subfield><subfield code="i">2015</subfield><subfield code="j">21</subfield></datafield><datafield tag="852" ind1="0" ind2=" "><subfield code="8">22155100620002917</subfield><subfield code="b">Main</subfield><subfield code="c">pru</subfield><subfield code="h">HF5601 .J78</subfield></datafield><datafield tag="852" ind1="0" ind2=" "><subfield code="8">22155100760002917</subfield><subfield code="b">Main</subfield><subfield code="c">ps5</subfield><subfield code="h">HF5601 .J78</subfield></datafield><datafield tag="852" ind1="0" ind2="1"><subfield code="8">22155100770002917</subfield><subfield code="b">Main</subfield><subfield code="c">psx</subfield><subfield code="h">HF5601</subfield><subfield code="i">.J78</subfield></datafield><datafield tag="853" ind1="9" ind2=" "><subfield code="8">22155100770002917.1</subfield><subfield code="8">2.1</subfield><subfield code="a">29</subfield><subfield code="b">3</subfield><subfield code="i">2015</subfield><subfield code="j">23</subfield><subfield code="3">201523</subfield></datafield><datafield tag="853" ind1=" " ind2=" "><subfield code="8">22155100770002917.2</subfield><subfield code="8">2</subfield><subfield code="a">v.</subfield><subfield code="b">no.</subfield><subfield code="u">3</subfield><subfield code="v">r</subfield><subfield code="i">(year)</subfield><subfield code="j">(season)</subfield><subfield code="w">3</subfield><subfield code="x">21,22,23</subfield></datafield><datafield tag="853" ind1=" " ind2=" "><subfield code="8">22155100770002917.3</subfield><subfield code="8">1</subfield><subfield code="a">v.</subfield><subfield code="b">no.</subfield><subfield code="i">(year)</subfield><subfield code="j">(season)</subfield></datafield><datafield tag="863" ind1=" " ind2=" "><subfield code="8">22155100770002917.4</subfield><subfield code="8">1.1</subfield><subfield code="a">5-6</subfield><subfield code="b">1</subfield><subfield code="i">1991-1992</subfield><subfield code="j">21</subfield><subfield code="w">g</subfield></datafield><datafield tag="863" ind1=" " ind2=" "><subfield code="8">22155100770002917.5</subfield><subfield code="8">1.2</subfield><subfield code="a">7-9</subfield><subfield code="b">1-2</subfield><subfield code="i">1993-1995</subfield><subfield code="j">21-23</subfield><subfield code="w">g</subfield></datafield><datafield tag="863" ind1=" " ind2=" "><subfield code="8">22155100770002917.6</subfield><subfield code="8">1.3</subfield><subfield code="a">11-26</subfield><subfield code="b">1-2</subfield><subfield code="i">1997-2012</subfield><subfield code="j">21-23</subfield><subfield code="w">g</subfield></datafield><datafield tag="863" ind1=" " ind2=" "><subfield code="8">22155100770002917.7</subfield><subfield code="8">1.4</subfield><subfield code="a">28-</subfield><subfield code="b">1-</subfield><subfield code="i">2014-</subfield><subfield code="j">21-</subfield></datafield><datafield tag="936" ind1=" " ind2=" "><subfield code="a">Vol. 14, suppl. (2000) LIC</subfield></datafield><datafield tag="974" ind1=" " ind2=" "><subfield code="a">p recat rm; v.10 not on shelf 1/2016 (v.27 was a gap in our subscription)</subfield><subfield code="9">LOCAL</subfield></datafield><datafield tag="974" ind1=" " ind2=" "><subfield code="a">SerSol print list 10/09--rm</subfield><subfield code="9">LOCAL</subfield></datafield><datafield tag="974" ind1=" " ind2=" "><subfield code="a">ypsersreclamy</subfield><subfield code="9">LOCAL</subfield></datafield><datafield tag="994" ind1=" " ind2=" "><subfield code="a">92</subfield><subfield code="b">CAC</subfield></datafield><datafield tag="995" ind1=" " ind2=" "><subfield code="a">CSU initial load collection</subfield></datafield></record>