<record><leader>04308cas a2200685 a 4500</leader><controlfield tag="001">991006083519702917</controlfield><controlfield tag="005">20161008121441.0</controlfield><controlfield tag="008">970918c19979999cauqr p   o   0   a0eng c</controlfield><datafield tag="010" ind1=" " ind2=" "><subfield code="a">98642455</subfield></datafield><datafield tag="022" ind1=" " ind2=" "><subfield code="a">2158-818X</subfield><subfield code="l">2158-818X</subfield><subfield code="y">1064-2358</subfield><subfield code="2">1</subfield></datafield><datafield tag="035" ind1=" " ind2=" "><subfield code="a">(CDS)b22516797-01cals_sdl</subfield></datafield><datafield tag="035" ind1=" " ind2=" "><subfield code="a">(OCoLC)37646230</subfield><subfield code="9">ExL</subfield></datafield><datafield tag="040" ind1=" " ind2=" "><subfield code="a">CAW</subfield><subfield code="b">eng</subfield><subfield code="c">CAW</subfield><subfield code="d">IUL</subfield><subfield code="d">DLC</subfield><subfield code="d">IUL</subfield><subfield code="d">OCLCQ</subfield><subfield code="d">HUL</subfield><subfield code="d">DLC</subfield><subfield code="d">HUL</subfield><subfield code="d">IUL</subfield><subfield code="d">DLC</subfield><subfield code="d">OCLCF</subfield><subfield code="d">CUV</subfield><subfield code="d">CDS</subfield><subfield code="d">UtOrBLWRDA</subfield></datafield><datafield tag="042" ind1=" " ind2=" "><subfield code="a">pcc</subfield><subfield code="a">nsdp</subfield></datafield><datafield tag="049" ind1=" " ind2=" "><subfield code="a">CDSM</subfield></datafield><datafield tag="090" ind1=" " ind2=" "><subfield code="a">QH359</subfield><subfield code="b">.R46</subfield></datafield><datafield tag="222" ind1=" " ind2="0"><subfield code="a">Reports of the National Center for Science Education.</subfield></datafield><datafield tag="245" ind1="0" ind2="0"><subfield code="a">Reports of the National Center for Science Education.</subfield></datafield><datafield tag="264" ind1=" " ind2="1"><subfield code="a">Berkeley, CA :</subfield><subfield code="b">NCSE,</subfield><subfield code="c">[1997-]</subfield></datafield><datafield tag="264" ind1=" " ind2="4"><subfield code="c">©1997-</subfield></datafield><datafield tag="300" ind1=" " ind2=" "><subfield code="a">volumes :</subfield><subfield code="b">illustrations ;</subfield><subfield code="c">28 cm.</subfield></datafield><datafield tag="310" ind1=" " ind2=" "><subfield code="a">Quarterly,</subfield><subfield code="b">Winter 2016-</subfield></datafield><datafield tag="321" ind1=" " ind2=" "><subfield code="a">Bimonthly,</subfield><subfield code="b">-Nov./Dec. 2015.</subfield></datafield><datafield tag="336" ind1=" " ind2=" "><subfield code="a">text</subfield><subfield code="b">txt</subfield><subfield code="2">rdacontent.</subfield></datafield><datafield tag="337" ind1=" " ind2=" "><subfield code="a">unmediated</subfield><subfield code="b">n</subfield><subfield code="2">rdamedia.</subfield></datafield><datafield tag="338" ind1=" " ind2=" "><subfield code="a">volume</subfield><subfield code="b">nc</subfield><subfield code="2">rdacarrier.</subfield></datafield><datafield tag="362" ind1="0" ind2=" "><subfield code="a">Vol. 17, no. 1 (Jan./Feb. 1997)-</subfield></datafield><datafield tag="500" ind1=" " ind2=" "><subfield code="a">Title from cover.</subfield></datafield><datafield tag="515" ind1=" " ind2=" "><subfield code="a">Continues the numbering of the merged title: Reports.</subfield></datafield><datafield tag="520" ind1=" " ind2=" "><subfield code="a">Articles, reviews, regular features online; effective in 2011, with volume 31, print version will only have abstracts &amp; special features.</subfield></datafield><datafield tag="580" ind1=" " ind2=" "><subfield code="a">Formed by the union of: Reports (National Center for Science Education (U.S.)) and: Creation/evolution.</subfield></datafield><datafield tag="588" ind1=" " ind2=" "><subfield code="a">Latest issue consulted: Vol. 32, no. 6 (Nov./Dec. 2012)</subfield></datafield><datafield tag="650" ind1=" " ind2="0"><subfield code="a">Evolution (Biology)</subfield><subfield code="v">Periodicals.</subfield></datafield><datafield tag="650" ind1=" " ind2="0"><subfield code="a">Creationism</subfield><subfield code="v">Periodicals.</subfield></datafield><datafield tag="710" ind1="2" ind2=" "><subfield code="a">National Center for Science Education (U.S.)</subfield></datafield><datafield tag="776" ind1="0" ind2="8"><subfield code="i">Online version:</subfield><subfield code="t">Reports of the National Center for Science Education (Online)</subfield><subfield code="x">2159-9270</subfield><subfield code="w">(DLC)  2011200018</subfield><subfield code="w">(OCoLC)701718645.</subfield></datafield><datafield tag="780" ind1="0" ind2="4"><subfield code="t">Reports (National Center for Science Education (U.S.))</subfield><subfield code="x">1064-2358</subfield><subfield code="w">(DLC)sn 92005076</subfield><subfield code="w">(OCoLC)20001950.</subfield></datafield><datafield tag="780" ind1="0" ind2="4"><subfield code="t">Creation/evolution</subfield><subfield code="x">0738-6001</subfield><subfield code="w">(DLC)   83644113</subfield><subfield code="w">(OCoLC)7940439.</subfield></datafield><datafield tag="891" ind1="2" ind2="0"><subfield code="9">853</subfield><subfield code="8">1</subfield><subfield code="a">v.</subfield><subfield code="b">no.</subfield><subfield code="u">6</subfield><subfield code="v">r</subfield><subfield code="i">(year)</subfield><subfield code="j">(month/month)</subfield><subfield code="w">b</subfield><subfield code="x">01.</subfield></datafield><datafield tag="891" ind1="4" ind2="0"><subfield code="9">863</subfield><subfield code="8">1.1</subfield><subfield code="a">&lt;35&gt;-35</subfield><subfield code="b">&lt;4&gt;-6</subfield><subfield code="i">&lt;2015&gt;2015</subfield><subfield code="j">&lt;07/08&gt;-11/12.</subfield></datafield><datafield tag="891" ind1="2" ind2="0"><subfield code="9">853</subfield><subfield code="8">2</subfield><subfield code="a">v.</subfield><subfield code="b">no.</subfield><subfield code="u">4</subfield><subfield code="v">r</subfield><subfield code="i">(year)</subfield><subfield code="j">(season)</subfield><subfield code="w">q</subfield><subfield code="x">24.</subfield></datafield><datafield tag="891" ind1="4" ind2="1"><subfield code="9">863</subfield><subfield code="8">2.1</subfield><subfield code="a">36</subfield><subfield code="b">1</subfield><subfield code="i">2016</subfield><subfield code="j">24.</subfield></datafield><datafield tag="852" ind1="0" ind2="1"><subfield code="8">22188073050002917</subfield><subfield code="b">Main</subfield><subfield code="c">ps1</subfield><subfield code="h">QH359</subfield><subfield code="i">.R46</subfield></datafield><datafield tag="853" ind1=" " ind2=" "><subfield code="8">22188073050002917.1</subfield><subfield code="8">2</subfield><subfield code="a">v.</subfield><subfield code="b">no.</subfield><subfield code="u">4</subfield><subfield code="v">r</subfield><subfield code="i">(year)</subfield><subfield code="j">(season)</subfield><subfield code="w">q</subfield><subfield code="x">24</subfield></datafield><datafield tag="853" ind1="9" ind2=" "><subfield code="8">22188073050002917.2</subfield><subfield code="8">2.1</subfield><subfield code="a">36</subfield><subfield code="b">1</subfield><subfield code="i">2016</subfield><subfield code="j">24</subfield><subfield code="3">201624</subfield></datafield><datafield tag="866" ind1=" " ind2=" "><subfield code="8">22188073050002917.3</subfield><subfield code="a">Current 2 years only</subfield></datafield><datafield tag="852" ind1="0" ind2=" "><subfield code="8">22188092970002917</subfield><subfield code="b">Main</subfield><subfield code="c">pru</subfield><subfield code="h">QH359 .R46</subfield></datafield><datafield tag="933" ind1=" " ind2=" "><subfield code="a">.b22516797</subfield><subfield code="b">-</subfield></datafield><datafield tag="945" ind1=" " ind2=" "><subfield code="a">QH359</subfield><subfield code="b">.R46</subfield><subfield code="c">Current issues</subfield><subfield code="g">1</subfield><subfield code="h">1</subfield><subfield code="i">30650009570397</subfield><subfield code="j">  -  -  </subfield><subfield code="l">pru  </subfield><subfield code="m">LR: 2 years</subfield><subfield code="n">intl use set to 0, 8/4/14 rm</subfield><subfield code="o">n</subfield><subfield code="p">$0.00</subfield><subfield code="q">-</subfield><subfield code="s">-</subfield><subfield code="t">12</subfield><subfield code="u">0</subfield><subfield code="v">0</subfield><subfield code="w">0</subfield><subfield code="x">0</subfield><subfield code="y">.i2342610x</subfield><subfield code="z">950520</subfield></datafield><datafield tag="945" ind1=" " ind2=" "><subfield code="a">QH359</subfield><subfield code="b">.R46</subfield><subfield code="c">v.34 no.1 2014 Jan/Feb</subfield><subfield code="g">1</subfield><subfield code="h">0</subfield><subfield code="i">30650023220763</subfield><subfield code="j">  -  -  </subfield><subfield code="l">pru  </subfield><subfield code="o">n</subfield><subfield code="p">$0.00</subfield><subfield code="q">-</subfield><subfield code="r">-</subfield><subfield code="s">-</subfield><subfield code="t">12</subfield><subfield code="u">0</subfield><subfield code="v">0</subfield><subfield code="w">0</subfield><subfield code="x">0</subfield><subfield code="y">.i36563444</subfield><subfield code="z">160406</subfield></datafield><datafield tag="945" ind1=" " ind2=" "><subfield code="a">QH359</subfield><subfield code="b">.R46</subfield><subfield code="c">v.34 no.2 2014 Mar/Apr</subfield><subfield code="g">1</subfield><subfield code="h">0</subfield><subfield code="i">30650023220789</subfield><subfield code="j">  -  -  </subfield><subfield code="l">pru  </subfield><subfield code="o">n</subfield><subfield code="p">$0.00</subfield><subfield code="q">-</subfield><subfield code="r">-</subfield><subfield code="s">-</subfield><subfield code="t">12</subfield><subfield code="u">0</subfield><subfield code="v">0</subfield><subfield code="w">0</subfield><subfield code="x">0</subfield><subfield code="y">.i36563456</subfield><subfield code="z">160406</subfield></datafield><datafield tag="945" ind1=" " ind2=" "><subfield code="a">QH359</subfield><subfield code="b">.R46</subfield><subfield code="c">v.34 no.2 2014 Mar/Apr</subfield><subfield code="g">2</subfield><subfield code="h">0</subfield><subfield code="i">30650023220771</subfield><subfield code="j">  -  -  </subfield><subfield code="l">pru  </subfield><subfield code="o">n</subfield><subfield code="p">$0.00</subfield><subfield code="q">-</subfield><subfield code="r">-</subfield><subfield code="s">-</subfield><subfield code="t">12</subfield><subfield code="u">0</subfield><subfield code="v">0</subfield><subfield code="w">0</subfield><subfield code="x">0</subfield><subfield code="y">.i36563468</subfield><subfield code="z">160406</subfield></datafield><datafield tag="945" ind1=" " ind2=" "><subfield code="a">QH359</subfield><subfield code="b">.R46</subfield><subfield code="c">v.34 no.4 2014 July/Aug</subfield><subfield code="g">1</subfield><subfield code="h">0</subfield><subfield code="i">30650023220797</subfield><subfield code="j">  -  -  </subfield><subfield code="l">pru  </subfield><subfield code="o">n</subfield><subfield code="p">$0.00</subfield><subfield code="q">-</subfield><subfield code="r">-</subfield><subfield code="s">-</subfield><subfield code="t">12</subfield><subfield code="u">0</subfield><subfield code="v">0</subfield><subfield code="w">0</subfield><subfield code="x">0</subfield><subfield code="y">.i3656347x</subfield><subfield code="z">160406</subfield></datafield><datafield tag="945" ind1=" " ind2=" "><subfield code="a">QH359</subfield><subfield code="b">.R46</subfield><subfield code="c">v.34 no.6 2014 Nov/Dec</subfield><subfield code="g">1</subfield><subfield code="h">0</subfield><subfield code="i">30650023220805</subfield><subfield code="j">  -  -  </subfield><subfield code="l">pru  </subfield><subfield code="o">n</subfield><subfield code="p">$0.00</subfield><subfield code="q">-</subfield><subfield code="r">-</subfield><subfield code="s">-</subfield><subfield code="t">12</subfield><subfield code="u">0</subfield><subfield code="v">0</subfield><subfield code="w">0</subfield><subfield code="x">0</subfield><subfield code="y">.i36563481</subfield><subfield code="z">160406</subfield></datafield><datafield tag="945" ind1=" " ind2=" "><subfield code="a">QH359</subfield><subfield code="b">.R46</subfield><subfield code="c">v.35 no.2 2015 Mar/Apr</subfield><subfield code="g">1</subfield><subfield code="h">0</subfield><subfield code="i">30650023220813</subfield><subfield code="j">  -  -  </subfield><subfield code="l">pru  </subfield><subfield code="o">n</subfield><subfield code="p">$0.00</subfield><subfield code="q">-</subfield><subfield code="r">-</subfield><subfield code="s">-</subfield><subfield code="t">12</subfield><subfield code="u">0</subfield><subfield code="v">0</subfield><subfield code="w">0</subfield><subfield code="x">0</subfield><subfield code="y">.i36563493</subfield><subfield code="z">160406</subfield></datafield><datafield tag="945" ind1=" " ind2=" "><subfield code="a">QH359</subfield><subfield code="b">.R46</subfield><subfield code="c">v.35 no.4 2015 July/Aug</subfield><subfield code="g">1</subfield><subfield code="h">0</subfield><subfield code="i">30650023220821</subfield><subfield code="j">  -  -  </subfield><subfield code="l">pru  </subfield><subfield code="o">n</subfield><subfield code="p">$0.00</subfield><subfield code="q">-</subfield><subfield code="r">-</subfield><subfield code="s">-</subfield><subfield code="t">12</subfield><subfield code="u">0</subfield><subfield code="v">0</subfield><subfield code="w">0</subfield><subfield code="x">0</subfield><subfield code="y">.i3656350x</subfield><subfield code="z">160406</subfield></datafield><datafield tag="945" ind1=" " ind2=" "><subfield code="a">QH359</subfield><subfield code="b">.R46</subfield><subfield code="c">v.35 no.5 2015 Sept/Oct</subfield><subfield code="g">1</subfield><subfield code="h">0</subfield><subfield code="i">30650023220839</subfield><subfield code="j">  -  -  </subfield><subfield code="l">pru  </subfield><subfield code="o">n</subfield><subfield code="p">$0.00</subfield><subfield code="q">-</subfield><subfield code="r">-</subfield><subfield code="s">-</subfield><subfield code="t">12</subfield><subfield code="u">0</subfield><subfield code="v">0</subfield><subfield code="w">0</subfield><subfield code="x">0</subfield><subfield code="y">.i36563511</subfield><subfield code="z">160406</subfield></datafield><datafield tag="945" ind1=" " ind2=" "><subfield code="a">QH359</subfield><subfield code="b">.R46</subfield><subfield code="c">v.35 no.6 2015 Nov/Dec</subfield><subfield code="g">1</subfield><subfield code="h">0</subfield><subfield code="i">30650023220847</subfield><subfield code="j">  -  -  </subfield><subfield code="l">pru  </subfield><subfield code="o">n</subfield><subfield code="p">$0.00</subfield><subfield code="q">-</subfield><subfield code="r">-</subfield><subfield code="s">-</subfield><subfield code="t">12</subfield><subfield code="u">0</subfield><subfield code="v">0</subfield><subfield code="w">0</subfield><subfield code="x">0</subfield><subfield code="y">.i36563523</subfield><subfield code="z">160406</subfield></datafield><datafield tag="945" ind1=" " ind2=" "><subfield code="a">QH359</subfield><subfield code="b">.R46</subfield><subfield code="c">v.36 no.1 2016 winter</subfield><subfield code="g">1</subfield><subfield code="h">0</subfield><subfield code="i">30650023220854</subfield><subfield code="j">  -  -  </subfield><subfield code="l">pru  </subfield><subfield code="o">n</subfield><subfield code="p">$0.00</subfield><subfield code="q">-</subfield><subfield code="r">-</subfield><subfield code="s">-</subfield><subfield code="t">12</subfield><subfield code="u">0</subfield><subfield code="v">0</subfield><subfield code="w">0</subfield><subfield code="x">0</subfield><subfield code="y">.i36563535</subfield><subfield code="z">160406</subfield></datafield><datafield tag="945" ind1=" " ind2=" "><subfield code="c">v.36 no.2 2016 spring</subfield><subfield code="g">1</subfield><subfield code="h">0</subfield><subfield code="j">  -  -  </subfield><subfield code="l">pru  </subfield><subfield code="n">not yet received; expected date: 5/1/16 alma test rm</subfield><subfield code="n">853  </subfield><subfield code="8">2.2</subfield><subfield code="o">n</subfield><subfield code="p">$0.00</subfield><subfield code="q">-</subfield><subfield code="r">-</subfield><subfield code="s">-</subfield><subfield code="t">12</subfield><subfield code="u">0</subfield><subfield code="v">0</subfield><subfield code="w">0</subfield><subfield code="x">0</subfield><subfield code="y">.i36571064</subfield><subfield code="z">160408</subfield></datafield><datafield tag="974" ind1=" " ind2=" "><subfield code="a">p recat rm;</subfield><subfield code="9">LOCAL</subfield></datafield><datafield tag="974" ind1=" " ind2=" "><subfield code="a">prev title: Reports (Natl. center,etc) withdrawn, was limited retention 7/2/98 mg</subfield><subfield code="9">LOCAL</subfield></datafield><datafield tag="974" ind1=" " ind2=" "><subfield code="a">SerSol print list 10/09--rm</subfield><subfield code="9">LOCAL</subfield></datafield><datafield tag="974" ind1=" " ind2=" "><subfield code="a">ypsersreclamy</subfield><subfield code="9">LOCAL</subfield></datafield><datafield tag="999" ind1=" " ind2=" "><subfield code="a">cdsm</subfield><subfield code="b">1</subfield><subfield code="c">160408</subfield><subfield code="d">c</subfield><subfield code="e">p</subfield><subfield code="f">-</subfield><subfield code="g">0</subfield></datafield></record>