<record><leader>03003cas a2200661 a 4500</leader><controlfield tag="001">991017794779702917</controlfield><controlfield tag="005">20160405022647.4</controlfield><controlfield tag="008">800305c19809999nyubr p       0   a0eng c</controlfield><datafield tag="010" ind1=" " ind2=" "><subfield code="a">   81643336 </subfield><subfield code="z">sn 80009100 </subfield></datafield><datafield tag="012" ind1=" " ind2=" "><subfield code="a">3</subfield><subfield code="b">3</subfield><subfield code="c">x</subfield><subfield code="i">8407</subfield><subfield code="j">0</subfield><subfield code="k">1</subfield><subfield code="m">1</subfield></datafield><datafield tag="016" ind1="7" ind2=" "><subfield code="a">011140456</subfield><subfield code="2">Uk</subfield></datafield><datafield tag="022" ind1="0" ind2=" "><subfield code="a">0199-6231</subfield><subfield code="l">0199-6231</subfield><subfield code="2">1</subfield></datafield><datafield tag="029" ind1="1" ind2=" "><subfield code="a">NZ1</subfield><subfield code="b">3327222</subfield></datafield><datafield tag="029" ind1="1" ind2=" "><subfield code="a">NZ1</subfield><subfield code="b">9735918</subfield></datafield><datafield tag="029" ind1="1" ind2=" "><subfield code="a">AU@</subfield><subfield code="b">000002120026</subfield></datafield><datafield tag="029" ind1="1" ind2=" "><subfield code="a">AU@</subfield><subfield code="b">000045775834</subfield></datafield><datafield tag="029" ind1="1" ind2=" "><subfield code="a">ZWZ</subfield><subfield code="b">039155560</subfield></datafield><datafield tag="029" ind1="1" ind2=" "><subfield code="a">AU@</subfield><subfield code="b">000056433163</subfield></datafield><datafield tag="030" ind1=" " ind2=" "><subfield code="a">JSEEDO</subfield></datafield><datafield tag="032" ind1=" " ind2=" "><subfield code="a">525010</subfield><subfield code="b">USPS</subfield></datafield><datafield tag="035" ind1=" " ind2=" "><subfield code="a">ocm06054906-01cals_network</subfield></datafield><datafield tag="035" ind1=" " ind2=" "><subfield code="a">(OCoLC)ocm06054906 </subfield><subfield code="9">ExL</subfield></datafield><datafield tag="035" ind1=" " ind2=" "><subfield code="a">(OCoLC)06054906</subfield></datafield><datafield tag="035" ind1=" " ind2=" "><subfield code="a">(EXLNZ-01CALS_NETWORK)991001131459702901</subfield></datafield><datafield tag="037" ind1=" " ind2=" "><subfield code="b">A.S.M.E., United Engineering Center, 345 E. 47th St., New York, NY 10017</subfield></datafield><datafield tag="040" ind1=" " ind2=" "><subfield code="a">NSD</subfield><subfield code="b">eng</subfield><subfield code="c">NSD</subfield><subfield code="d">COO</subfield><subfield code="d">NSD</subfield><subfield code="d">IUL</subfield><subfield code="d">DLC</subfield><subfield code="d">NST</subfield><subfield code="d">DLC</subfield><subfield code="d">NST</subfield><subfield code="d">OCL</subfield><subfield code="d">NST</subfield><subfield code="d">DLC</subfield><subfield code="d">NST</subfield><subfield code="d">DLC</subfield><subfield code="d">SER</subfield><subfield code="d">AIP</subfield><subfield code="d">NST</subfield><subfield code="d">AIP</subfield><subfield code="d">NST</subfield><subfield code="d">AIP</subfield><subfield code="d">NST</subfield><subfield code="d">DLC</subfield><subfield code="d">NSD</subfield><subfield code="d">NST</subfield><subfield code="d">DLC</subfield><subfield code="d">NSD</subfield><subfield code="d">MYG</subfield><subfield code="d">OCLCQ</subfield><subfield code="d">OSU</subfield><subfield code="d">CIT</subfield><subfield code="d">OCLCQ</subfield><subfield code="d">UKMGB</subfield><subfield code="d">OCLCF</subfield><subfield code="d">OCLCQ</subfield><subfield code="d">CDS</subfield></datafield><datafield tag="042" ind1=" " ind2=" "><subfield code="a">pcc</subfield><subfield code="a">nsdp</subfield></datafield><datafield tag="049" ind1=" " ind2=" "><subfield code="a">MAIN</subfield></datafield><datafield tag="050" ind1="0" ind2="0"><subfield code="a">TJ810</subfield><subfield code="b">.T69</subfield></datafield><datafield tag="082" ind1="0" ind2="4"><subfield code="a">621.47/05</subfield><subfield code="2">19</subfield></datafield><datafield tag="210" ind1="0" ind2=" "><subfield code="a">J. sol. energy eng.</subfield></datafield><datafield tag="222" ind1=" " ind2="0"><subfield code="a">Journal of solar energy engineering</subfield></datafield><datafield tag="245" ind1="0" ind2="0"><subfield code="a">Journal of solar energy engineering.</subfield></datafield><datafield tag="260" ind1=" " ind2=" "><subfield code="a">New York, N.Y. :</subfield><subfield code="b">American Society of Mechanical Engineers,</subfield><subfield code="c">c1980-</subfield></datafield><datafield tag="300" ind1=" " ind2=" "><subfield code="a">v. :</subfield><subfield code="b">ill. ;</subfield><subfield code="c">29 cm.</subfield></datafield><datafield tag="310" ind1=" " ind2=" "><subfield code="a">Bimonthly,</subfield><subfield code="b">2015-</subfield></datafield><datafield tag="321" ind1=" " ind2=" "><subfield code="a">Quarterly,</subfield><subfield code="b">-2014</subfield></datafield><datafield tag="362" ind1="0" ind2=" "><subfield code="a">[Vol. 102, no. 1] (Feb. 1980)-</subfield></datafield><datafield tag="490" ind1="1" ind2=" "><subfield code="a">Transactions of the ASME</subfield></datafield><datafield tag="500" ind1=" " ind2=" "><subfield code="a">Title from cover.</subfield></datafield><datafield tag="510" ind1="2" ind2=" "><subfield code="a">Chemical abstracts</subfield><subfield code="x">0009-2258</subfield></datafield><datafield tag="530" ind1=" " ind2=" "><subfield code="a">Beginning 2000, full-text articles also available via the World Wide Web by subscription, in HTML, PDF, and PostScript formats. Tables of contents for 1996-1999 also available in HTML.</subfield></datafield><datafield tag="650" ind1=" " ind2="0"><subfield code="a">Solar energy</subfield><subfield code="v">Periodicals.</subfield></datafield><datafield tag="650" ind1=" " ind2="7"><subfield code="a">Solar energy.</subfield><subfield code="2">fast</subfield><subfield code="0">(OCoLC)fst01124984</subfield></datafield><datafield tag="655" ind1=" " ind2="7"><subfield code="a">Periodicals.</subfield><subfield code="2">fast</subfield><subfield code="0">(OCoLC)fst01411641</subfield></datafield><datafield tag="710" ind1="2" ind2=" "><subfield code="a">American Society of Mechanical Engineers.</subfield></datafield><datafield tag="776" ind1="1" ind2=" "><subfield code="t">Journal of solar energy engineering (Online)</subfield><subfield code="x">1528-8986</subfield><subfield code="w">(DLC)   00214255</subfield><subfield code="w">(OCoLC)43548452</subfield></datafield><datafield tag="776" ind1="0" ind2="8"><subfield code="i">Online version:</subfield><subfield code="t">Journal of solar energy engineering</subfield><subfield code="w">(OCoLC)729124985</subfield></datafield><datafield tag="830" ind1=" " ind2="0"><subfield code="a">Transactions of the ASME (1959)</subfield></datafield><datafield tag="850" ind1=" " ind2=" "><subfield code="a">AAP</subfield><subfield code="a">AU</subfield><subfield code="a">ArU</subfield><subfield code="a">AzTeS</subfield><subfield code="a">AzU</subfield><subfield code="a">CLU-P</subfield><subfield code="a">CSt</subfield><subfield code="a">CU-A</subfield><subfield code="a">CU-SB</subfield><subfield code="a">CaAEU</subfield><subfield code="a">CaMWU</subfield><subfield code="a">CaOLU</subfield><subfield code="a">CaOTU</subfield><subfield code="a">CaOWA</subfield><subfield code="a">CaOWtU</subfield><subfield code="a">CaSSU</subfield><subfield code="a">CoFS</subfield><subfield code="a">CoU</subfield><subfield code="a">CtU</subfield><subfield code="a">CtY-KS</subfield><subfield code="a">DBS</subfield><subfield code="a">DGW</subfield><subfield code="a">DLC</subfield><subfield code="a">DNAL</subfield><subfield code="a">DeU</subfield><subfield code="a">FMU</subfield></datafield><datafield tag="850" ind1=" " ind2=" "><subfield code="a">FU</subfield><subfield code="a">ICIU</subfield><subfield code="a">ICJ</subfield><subfield code="a">ICarbS</subfield><subfield code="a">IU</subfield><subfield code="a">IaU</subfield><subfield code="a">InLP</subfield><subfield code="a">KU</subfield><subfield code="a">MBU</subfield><subfield code="a">MMeT</subfield><subfield code="a">MU</subfield><subfield code="a">MdU</subfield><subfield code="a">MiDW</subfield><subfield code="a">MiEM</subfield><subfield code="a">MnU</subfield><subfield code="a">MoSW</subfield><subfield code="a">MsSM</subfield><subfield code="a">MsU</subfield><subfield code="a">NIC</subfield><subfield code="a">NRU</subfield><subfield code="a">NcD</subfield><subfield code="a">NcRS</subfield><subfield code="a">NhU</subfield><subfield code="a">NjP</subfield><subfield code="a">NjR</subfield><subfield code="a">NmLcU</subfield></datafield><datafield tag="850" ind1=" " ind2=" "><subfield code="a">OCU</subfield><subfield code="a">OU</subfield><subfield code="a">OkS</subfield><subfield code="a">PPD</subfield><subfield code="a">PPF</subfield><subfield code="a">PPi</subfield><subfield code="a">PSt</subfield><subfield code="a">PU</subfield><subfield code="a">RPB-S</subfield><subfield code="a">ScCleU</subfield><subfield code="a">ScU</subfield><subfield code="a">TU</subfield><subfield code="a">TxDaM</subfield><subfield code="a">TxLT</subfield><subfield code="a">TxU</subfield><subfield code="a">ULA</subfield><subfield code="a">UU</subfield><subfield code="a">ViBlbV</subfield><subfield code="a">ViU</subfield><subfield code="a">WM</subfield><subfield code="a">WU-E</subfield><subfield code="a">WyU</subfield></datafield><datafield tag="856" ind1="4" ind2="1"><subfield code="u">http://solarenergyengineering.asmedigitalcollection.asme.org/journal.aspx</subfield></datafield><datafield tag="891" ind1="2" ind2="0"><subfield code="9">853</subfield><subfield code="8">1</subfield><subfield code="a">v.</subfield><subfield code="b">no.</subfield><subfield code="u">4</subfield><subfield code="v">r</subfield><subfield code="i">(year)</subfield><subfield code="j">(month)</subfield><subfield code="w">q</subfield><subfield code="x">02</subfield></datafield><datafield tag="891" ind1="4" ind2="0"><subfield code="9">863</subfield><subfield code="8">1.1</subfield><subfield code="a">&lt;128&gt;-136</subfield><subfield code="b">&lt;4&gt;-4</subfield><subfield code="i">&lt;2006&gt;-2014</subfield><subfield code="j">&lt;11&gt;-11</subfield></datafield><datafield tag="891" ind1="2" ind2="0"><subfield code="9">853</subfield><subfield code="8">2</subfield><subfield code="a">v.</subfield><subfield code="b">no.</subfield><subfield code="u">6</subfield><subfield code="v">r</subfield><subfield code="i">(year)</subfield><subfield code="j">(month)</subfield><subfield code="w">b</subfield><subfield code="x">01</subfield></datafield><datafield tag="891" ind1="4" ind2="1"><subfield code="9">863</subfield><subfield code="8">2.1</subfield><subfield code="a">137</subfield><subfield code="b">1</subfield><subfield code="i">2015</subfield><subfield code="j">01</subfield></datafield><datafield tag="852" ind1=" " ind2=" "><subfield code="8">22163592090002917</subfield><subfield code="b">Main</subfield><subfield code="c">UNASSIGNED</subfield><subfield code="h">TJ810 .T69</subfield></datafield><datafield tag="852" ind1="0" ind2=" "><subfield code="8">22163592130002917</subfield><subfield code="b">Main</subfield><subfield code="c">ps5</subfield><subfield code="h">TJ810 .T69</subfield></datafield><datafield tag="852" ind1="0" ind2=" "><subfield code="8">22163592240002917</subfield><subfield code="b">Main</subfield><subfield code="c">pru</subfield><subfield code="h">TJ810 .T69</subfield></datafield><datafield tag="852" ind1="0" ind2="1"><subfield code="8">22163592250002917</subfield><subfield code="b">Main</subfield><subfield code="c">psx</subfield><subfield code="h">TJ810</subfield><subfield code="i">.T69</subfield></datafield><datafield tag="853" ind1=" " ind2=" "><subfield code="8">22163592250002917.1</subfield><subfield code="8">1</subfield><subfield code="a">v.</subfield><subfield code="b">no.</subfield><subfield code="u">4</subfield><subfield code="v">r</subfield><subfield code="i">(year)</subfield><subfield code="j">(month)</subfield><subfield code="w">q</subfield><subfield code="x">02</subfield></datafield><datafield tag="853" ind1=" " ind2=" "><subfield code="8">22163592250002917.2</subfield><subfield code="8">2</subfield><subfield code="a">v.</subfield><subfield code="b">no.</subfield><subfield code="u">6</subfield><subfield code="v">r</subfield><subfield code="i">(year)</subfield><subfield code="j">(month)</subfield><subfield code="w">b</subfield><subfield code="x">01</subfield></datafield><datafield tag="853" ind1="9" ind2=" "><subfield code="8">22163592250002917.3</subfield><subfield code="8">2.1</subfield><subfield code="a">138</subfield><subfield code="b">1</subfield><subfield code="i">2016</subfield><subfield code="j">02</subfield><subfield code="3">201602</subfield></datafield><datafield tag="863" ind1=" " ind2=" "><subfield code="8">22163592250002917.4</subfield><subfield code="8">1.1</subfield><subfield code="a">102-103</subfield><subfield code="b">1-1</subfield><subfield code="i">1980-1981</subfield><subfield code="j">02-02</subfield><subfield code="w">g</subfield></datafield><datafield tag="863" ind1=" " ind2=" "><subfield code="8">22163592250002917.5</subfield><subfield code="8">1.2</subfield><subfield code="a">103-126</subfield><subfield code="b">3-4</subfield><subfield code="i">1981-2004</subfield><subfield code="j">08-11</subfield><subfield code="w">g</subfield></datafield><datafield tag="863" ind1=" " ind2=" "><subfield code="8">22163592250002917.6</subfield><subfield code="8">1.3</subfield><subfield code="a">130-</subfield><subfield code="b">1-</subfield><subfield code="i">2008-</subfield><subfield code="j">02-</subfield></datafield><datafield tag="936" ind1=" " ind2=" "><subfield code="a">Feb. 1980</subfield></datafield><datafield tag="974" ind1=" " ind2=" "><subfield code="a">p recat rm;</subfield><subfield code="9">LOCAL</subfield></datafield><datafield tag="974" ind1=" " ind2=" "><subfield code="a">SerSol print list 10/09--rm</subfield><subfield code="9">LOCAL</subfield></datafield><datafield tag="974" ind1=" " ind2=" "><subfield code="a">ypsersreclamy</subfield><subfield code="9">LOCAL</subfield></datafield><datafield tag="994" ind1=" " ind2=" "><subfield code="a">92</subfield><subfield code="b">CAC</subfield></datafield><datafield tag="995" ind1=" " ind2=" "><subfield code="a">CSU initial load collection</subfield></datafield></record>