<record><leader>03745cas a2200721 a 4500</leader><controlfield tag="001">991017467679702917</controlfield><controlfield tag="005">20160405021718.8</controlfield><controlfield tag="008">751101d19602013miuqr p      s0   a0eng c</controlfield><datafield tag="010" ind1=" " ind2=" "><subfield code="a">sn 78004274 </subfield></datafield><datafield tag="012" ind1=" " ind2=" "><subfield code="b">3</subfield><subfield code="k">1</subfield><subfield code="m">1</subfield></datafield><datafield tag="016" ind1="7" ind2=" "><subfield code="a">008556029</subfield><subfield code="2">Uk</subfield></datafield><datafield tag="019" ind1=" " ind2=" "><subfield code="a">5258321</subfield></datafield><datafield tag="022" ind1=" " ind2=" "><subfield code="a">0034-0502</subfield><subfield code="l">0034-0502</subfield><subfield code="2">1</subfield></datafield><datafield tag="029" ind1="1" ind2=" "><subfield code="a">NZ1</subfield><subfield code="b">2899556</subfield></datafield><datafield tag="029" ind1="1" ind2=" "><subfield code="a">NZ1</subfield><subfield code="b">8730827</subfield></datafield><datafield tag="029" ind1="1" ind2=" "><subfield code="a">AU@</subfield><subfield code="b">000000935947</subfield></datafield><datafield tag="029" ind1="1" ind2=" "><subfield code="a">AU@</subfield><subfield code="b">000021802865</subfield></datafield><datafield tag="032" ind1=" " ind2=" "><subfield code="a">062310</subfield><subfield code="b">USPS</subfield></datafield><datafield tag="035" ind1=" " ind2=" "><subfield code="a">ocm01763478-01cals_network</subfield></datafield><datafield tag="035" ind1=" " ind2=" "><subfield code="a">(OCoLC)ocm01763478 </subfield><subfield code="9">ExL</subfield></datafield><datafield tag="035" ind1=" " ind2=" "><subfield code="a">(OCoLC)01763478</subfield><subfield code="z">(OCoLC)5258321</subfield></datafield><datafield tag="035" ind1=" " ind2=" "><subfield code="a">(EXLNZ-01CALS_NETWORK)991032450149702901</subfield></datafield><datafield tag="040" ind1=" " ind2=" "><subfield code="a">MUL</subfield><subfield code="b">eng</subfield><subfield code="c">MUL</subfield><subfield code="d">NSD</subfield><subfield code="d">IUL</subfield><subfield code="d">AIP</subfield><subfield code="d">NSD</subfield><subfield code="d">OCL</subfield><subfield code="d">AIP</subfield><subfield code="d">NST</subfield><subfield code="d">OCL</subfield><subfield code="d">NST</subfield><subfield code="d">EBZ</subfield><subfield code="d">NST</subfield><subfield code="d">NSD</subfield><subfield code="d">NST</subfield><subfield code="d">IUL</subfield><subfield code="d">OCL</subfield><subfield code="d">OCLCQ</subfield><subfield code="d">CDS</subfield><subfield code="d">IUL</subfield><subfield code="d">DLC</subfield><subfield code="d">LVB</subfield><subfield code="d">CDS</subfield><subfield code="d">OCLCQ</subfield><subfield code="d">EXW</subfield><subfield code="d">UKMGB</subfield><subfield code="d">NOC</subfield><subfield code="d">OCLCF</subfield><subfield code="d">OCLCO</subfield><subfield code="d">COD</subfield><subfield code="d">DLC</subfield><subfield code="d">OCLCO</subfield></datafield><datafield tag="042" ind1=" " ind2=" "><subfield code="a">nsdp</subfield><subfield code="a">pcc</subfield></datafield><datafield tag="049" ind1=" " ind2=" "><subfield code="a">MAIN</subfield></datafield><datafield tag="050" ind1="0" ind2="0"><subfield code="a">LB1050</subfield><subfield code="b">.R412</subfield></datafield><datafield tag="210" ind1="0" ind2=" "><subfield code="a">Read. horiz.</subfield></datafield><datafield tag="222" ind1=" " ind2="0"><subfield code="a">Reading horizons</subfield></datafield><datafield tag="245" ind1="0" ind2="0"><subfield code="a">Reading horizons.</subfield></datafield><datafield tag="264" ind1=" " ind2="1"><subfield code="3">winter 1960- :</subfield><subfield code="a">Kalamazoo, Mich. :</subfield><subfield code="b">Psycho-Educational Clinic and the Western Michigan University Chapter of the International Reading Association, Kalamazoo, Mich.</subfield></datafield><datafield tag="264" ind1="2" ind2="1"><subfield code="3">&lt;fall 1972-&gt; :</subfield><subfield code="a">Kalamazoo, Mich. :</subfield><subfield code="b">Reading Center and Clinic and the Homer L. J. Carter Reading Council of the International Reading Association</subfield></datafield><datafield tag="264" ind1="2" ind2="1"><subfield code="3">&lt;fall 1978&gt;-fall 1979 :</subfield><subfield code="a">Kalamazoo, Mich. :</subfield><subfield code="b">Western Michigan University Press</subfield></datafield><datafield tag="264" ind1="2" ind2="1"><subfield code="3">winter 1980- :</subfield><subfield code="a">Kalamazoo, Mich. :</subfield><subfield code="b">College of Education at Western Michigan University</subfield></datafield><datafield tag="264" ind1="3" ind2="1"><subfield code="3">&lt;1997&gt;-2013 :</subfield><subfield code="a">Kalamazoo, Mich. :</subfield><subfield code="b">Dorothy J. McGinnis Reading Center and Clinic</subfield></datafield><datafield tag="300" ind1=" " ind2=" "><subfield code="a">v. :</subfield><subfield code="b">ill. ;</subfield><subfield code="c">23 cm.</subfield></datafield><datafield tag="310" ind1=" " ind2=" "><subfield code="a">Quarterly,</subfield><subfield code="b">&lt;1997&gt;-2013</subfield></datafield><datafield tag="321" ind1=" " ind2=" "><subfield code="a">Quarterly,</subfield><subfield code="b">1960-</subfield></datafield><datafield tag="321" ind1=" " ind2=" "><subfield code="a">5 no. a year,</subfield><subfield code="b">&lt;1995-&gt;</subfield></datafield><datafield tag="362" ind1="1" ind2=" "><subfield code="a">Began with winter 1960.</subfield></datafield><datafield tag="362" ind1="1" ind2=" "><subfield code="a">Ceased with vol. 52, no. 3 (Apr./May 2013).</subfield></datafield><datafield tag="515" ind1=" " ind2=" "><subfield code="a">Vol. 43 and 48 complete in 3 issues; v. 44 not published.</subfield></datafield><datafield tag="530" ind1=" " ind2=" "><subfield code="a">Issued also on microfilm by University Microfilms.</subfield></datafield><datafield tag="530" ind1=" " ind2=" "><subfield code="a">Also issued online.</subfield></datafield><datafield tag="550" ind1=" " ind2=" "><subfield code="a">Issued by: Psycho-Educational Clinic and the Western Michigan University Chapter of the International Reading Association, Kalamazoo, Michigan, 1960- ; Reading Center and Clinic, Western Michigan University, and by the Homer L. J. Carter Reading Council of the International Reading Association, &lt;fall 1972-&gt;; Reading Center and Clinic, &lt;1995-&gt;; Dorothy J. McGinnis Reading Center and Clinic, &lt;1997&gt;-2013.</subfield></datafield><datafield tag="555" ind1=" " ind2=" "><subfield code="a">Vols. 1-12, 1960-1972, in vol. 12.</subfield></datafield><datafield tag="588" ind1=" " ind2=" "><subfield code="a">Description based on: Winter 1960 (surrogate); title from cover.</subfield></datafield><datafield tag="588" ind1=" " ind2=" "><subfield code="a">Latest issue consulted: Vol. 52, no. 3 (Apr./May 2013).</subfield></datafield><datafield tag="650" ind1=" " ind2="0"><subfield code="a">Reading</subfield><subfield code="v">Periodicals.</subfield></datafield><datafield tag="650" ind1=" " ind2="6"><subfield code="a">Lecture</subfield><subfield code="v">Périodiques.</subfield></datafield><datafield tag="650" ind1=" " ind2="7"><subfield code="a">Reading.</subfield><subfield code="2">fast</subfield><subfield code="0">(OCoLC)fst01090626</subfield></datafield><datafield tag="655" ind1=" " ind2="7"><subfield code="a">Periodicals.</subfield><subfield code="2">fast</subfield><subfield code="0">(OCoLC)fst01411641</subfield></datafield><datafield tag="710" ind1="2" ind2=" "><subfield code="a">Western Michigan University.</subfield><subfield code="b">Psycho-Educational Clinic.</subfield></datafield><datafield tag="710" ind1="2" ind2=" "><subfield code="a">International Reading Association.</subfield><subfield code="b">Western Michigan University Chapter.</subfield></datafield><datafield tag="710" ind1="2" ind2=" "><subfield code="a">Western Michigan University.</subfield><subfield code="b">Reading Center and Clinic.</subfield></datafield><datafield tag="710" ind1="2" ind2=" "><subfield code="a">Homer L.J. Carter Reading Council.</subfield></datafield><datafield tag="710" ind1="2" ind2=" "><subfield code="a">Western Michigan University.</subfield><subfield code="b">College of Education.</subfield></datafield><datafield tag="710" ind1="2" ind2=" "><subfield code="a">Dorothy J. McGinnis Reading Center and Clinic.</subfield></datafield><datafield tag="776" ind1="0" ind2="8"><subfield code="i">Continued online:</subfield><subfield code="t">Reading horizons</subfield><subfield code="w">(DLC)  2012236836</subfield><subfield code="w">(OCoLC)41228208</subfield></datafield><datafield tag="850" ind1=" " ind2=" "><subfield code="a">CaNSHD</subfield><subfield code="a">CaOLU</subfield><subfield code="a">CaSSU</subfield><subfield code="a">CoFS</subfield><subfield code="a">DLC</subfield><subfield code="a">FU</subfield><subfield code="a">GASU</subfield><subfield code="a">ICarbS</subfield><subfield code="a">IaU</subfield><subfield code="a">LU</subfield><subfield code="a">MsU</subfield><subfield code="a">NNStJ</subfield><subfield code="a">NSyU</subfield><subfield code="a">NcRS</subfield><subfield code="a">NcD</subfield><subfield code="a">NcU</subfield><subfield code="a">NcWsW</subfield><subfield code="a">NvU</subfield><subfield code="a">OCU</subfield><subfield code="a">ScU</subfield><subfield code="a">TxArU</subfield><subfield code="a">ViU</subfield><subfield code="a">WyU</subfield></datafield><datafield tag="891" ind1="2" ind2="0"><subfield code="9">853</subfield><subfield code="8">1</subfield><subfield code="a">v.</subfield><subfield code="b">no.</subfield><subfield code="u">4</subfield><subfield code="v">r</subfield><subfield code="i">(year)</subfield><subfield code="j">(month/month)</subfield><subfield code="w">q</subfield><subfield code="x">09/10</subfield><subfield code="y">pm09/10,11/12,01/02,03/04</subfield></datafield><datafield tag="891" ind1="4" ind2="1"><subfield code="9">863</subfield><subfield code="8">1.1</subfield><subfield code="a">&lt;42&gt;</subfield><subfield code="b">&lt;1&gt;</subfield><subfield code="i">&lt;2001&gt;</subfield><subfield code="j">&lt;09/10&gt;</subfield></datafield><datafield tag="891" ind1="2" ind2="0"><subfield code="9">853</subfield><subfield code="8">2</subfield><subfield code="a">v.</subfield><subfield code="b">no.</subfield><subfield code="u">3</subfield><subfield code="v">r</subfield><subfield code="i">(year)</subfield><subfield code="j">(month)</subfield><subfield code="w">t</subfield><subfield code="x">09/10</subfield><subfield code="y">pm09/10,01/02,03/04</subfield></datafield><datafield tag="891" ind1="4" ind2="1"><subfield code="9">863</subfield><subfield code="8">2.1</subfield><subfield code="a">48</subfield><subfield code="b">1</subfield><subfield code="i">2007</subfield><subfield code="j">09/10</subfield></datafield><datafield tag="852" ind1="0" ind2="1"><subfield code="8">22171189110002917</subfield><subfield code="b">Main</subfield><subfield code="c">psx</subfield><subfield code="h">LB1050</subfield><subfield code="i">.R415</subfield></datafield><datafield tag="853" ind1=" " ind2=" "><subfield code="8">22171189110002917.1</subfield><subfield code="8">1</subfield><subfield code="a">v.</subfield><subfield code="b">no.</subfield><subfield code="i">(year)</subfield><subfield code="j">(season)</subfield></datafield><datafield tag="853" ind1=" " ind2=" "><subfield code="8">22171189110002917.2</subfield><subfield code="8">2</subfield><subfield code="a">v.</subfield><subfield code="b">no.</subfield><subfield code="i">(year)</subfield><subfield code="j">(month)</subfield></datafield><datafield tag="853" ind1=" " ind2=" "><subfield code="8">22171189110002917.3</subfield><subfield code="8">3</subfield><subfield code="a">v.</subfield><subfield code="b">no.</subfield><subfield code="i">(year)</subfield></datafield><datafield tag="853" ind1=" " ind2=" "><subfield code="8">22171189110002917.4</subfield><subfield code="8">4</subfield><subfield code="a">v.</subfield><subfield code="b">no.</subfield><subfield code="u">4</subfield><subfield code="v">r</subfield><subfield code="i">(year)</subfield><subfield code="j">(month/month)</subfield><subfield code="w">q</subfield><subfield code="x">09/10</subfield><subfield code="y">pm09/10,11/12,01/02,03/04</subfield></datafield><datafield tag="863" ind1=" " ind2=" "><subfield code="8">22171189110002917.5</subfield><subfield code="8">1.2</subfield><subfield code="a">11-26</subfield><subfield code="b">1-1</subfield><subfield code="i">1970-1985</subfield><subfield code="j">23-23</subfield><subfield code="w">n</subfield></datafield><datafield tag="863" ind1=" " ind2=" "><subfield code="8">22171189110002917.6</subfield><subfield code="8">2.1</subfield><subfield code="a">26-32</subfield><subfield code="b">2-5</subfield><subfield code="i">1986-1992</subfield><subfield code="j">01-06</subfield><subfield code="w">n</subfield></datafield><datafield tag="863" ind1=" " ind2=" "><subfield code="8">22171189110002917.7</subfield><subfield code="8">3.1</subfield><subfield code="a">33-36</subfield><subfield code="b">1-1</subfield><subfield code="i">1992-1995</subfield><subfield code="w">n</subfield></datafield><datafield tag="863" ind1=" " ind2=" "><subfield code="8">22171189110002917.8</subfield><subfield code="8">4.1</subfield><subfield code="a">36-43</subfield><subfield code="b">2-3</subfield><subfield code="i">1995-2003</subfield><subfield code="j">11/12-01/02</subfield><subfield code="w">n</subfield></datafield><datafield tag="863" ind1=" " ind2=" "><subfield code="8">22171189110002917.9</subfield><subfield code="8">4.2</subfield><subfield code="a">45-</subfield><subfield code="b">1-</subfield><subfield code="i">2004-</subfield><subfield code="j">09/10-</subfield></datafield><datafield tag="852" ind1="0" ind2=" "><subfield code="8">22171189180002917</subfield><subfield code="b">Main</subfield><subfield code="c">pru</subfield><subfield code="h">LB1050 .R415</subfield></datafield><datafield tag="852" ind1="0" ind2=" "><subfield code="8">22171189360002917</subfield><subfield code="b">Main</subfield><subfield code="c">ps5</subfield><subfield code="h">LB1050 .R415</subfield></datafield><datafield tag="974" ind1=" " ind2=" "><subfield code="a">p recat rm; 515</subfield><subfield code="9">LOCAL</subfield></datafield><datafield tag="974" ind1=" " ind2=" "><subfield code="a">SerSol print list 10/09--rm</subfield><subfield code="9">LOCAL</subfield></datafield><datafield tag="974" ind1=" " ind2=" "><subfield code="a">ypsersreclamy</subfield><subfield code="9">LOCAL</subfield></datafield><datafield tag="994" ind1=" " ind2=" "><subfield code="a">92</subfield><subfield code="b">CAC</subfield></datafield><datafield tag="995" ind1=" " ind2=" "><subfield code="a">CSU initial load collection</subfield></datafield></record>