<record><leader>03353cas a2200817 a 4500</leader><controlfield tag="001">991020971779702917</controlfield><controlfield tag="005">20160405023927.1</controlfield><controlfield tag="008">800424c19799999cc br p       0    0chi c</controlfield><datafield tag="010" ind1=" " ind2=" "><subfield code="a">   84643333 </subfield></datafield><datafield tag="012" ind1=" " ind2=" "><subfield code="a">4</subfield><subfield code="i">8412</subfield></datafield><datafield tag="015" ind1=" " ind2=" "><subfield code="a">013618741</subfield><subfield code="2">dnb</subfield></datafield><datafield tag="016" ind1="7" ind2=" "><subfield code="a">625693--4</subfield><subfield code="2">DE-600</subfield></datafield><datafield tag="016" ind1="7" ind2=" "><subfield code="a">013618741</subfield><subfield code="2">DE-101</subfield></datafield><datafield tag="016" ind1="7" ind2=" "><subfield code="a">6256934</subfield><subfield code="2">DE-600</subfield></datafield><datafield tag="016" ind1="7" ind2=" "><subfield code="a">625693-4</subfield><subfield code="2">DE-600</subfield></datafield><datafield tag="022" ind1=" " ind2=" "><subfield code="a">0257-9448</subfield><subfield code="l">0257-9448</subfield></datafield><datafield tag="024" ind1="8" ind2=" "><subfield code="a">CN11-1472</subfield></datafield><datafield tag="029" ind1="1" ind2=" "><subfield code="a">NZ1</subfield><subfield code="b">4448835</subfield></datafield><datafield tag="029" ind1="1" ind2=" "><subfield code="a">AU@</subfield><subfield code="b">000015498655</subfield></datafield><datafield tag="029" ind1="1" ind2=" "><subfield code="a">HEBIS</subfield><subfield code="b">047946598</subfield></datafield><datafield tag="029" ind1="1" ind2=" "><subfield code="a">DEBBG</subfield><subfield code="b">BV002565631</subfield></datafield><datafield tag="029" ind1="1" ind2=" "><subfield code="a">ZWZ</subfield><subfield code="b">039296024</subfield></datafield><datafield tag="029" ind1="1" ind2=" "><subfield code="a">GBVCP</subfield><subfield code="b">168044862</subfield></datafield><datafield tag="035" ind1=" " ind2=" "><subfield code="a">ocm06241372-01cals_network</subfield></datafield><datafield tag="035" ind1=" " ind2=" "><subfield code="a">(OCoLC)ocm06241372 </subfield><subfield code="9">ExL</subfield></datafield><datafield tag="035" ind1=" " ind2=" "><subfield code="a">(OCoLC)06241372</subfield></datafield><datafield tag="035" ind1=" " ind2=" "><subfield code="a">(EXLNZ-01CALS_NETWORK)991002435709702901</subfield></datafield><datafield tag="037" ind1=" " ind2=" "><subfield code="a">Q170</subfield><subfield code="b">Zhongguo guo ji tu shu mao yi zong gong si, P.O. Box 399, Beijing, China</subfield></datafield><datafield tag="040" ind1=" " ind2=" "><subfield code="a">COO</subfield><subfield code="b">eng</subfield><subfield code="c">COO</subfield><subfield code="d">DLC</subfield><subfield code="d">NST</subfield><subfield code="d">FUG</subfield><subfield code="d">NST</subfield><subfield code="d">IUL</subfield><subfield code="d">DLC</subfield><subfield code="d">UMC</subfield><subfield code="d">IUL</subfield><subfield code="d">OCLCQ</subfield><subfield code="d">HEBIS</subfield><subfield code="d">DEBBG</subfield><subfield code="d">GBVCP</subfield><subfield code="d">OCLCQ</subfield><subfield code="d">OCLCO</subfield><subfield code="d">OCLCF</subfield><subfield code="d">OCLCO</subfield><subfield code="d">CDS</subfield></datafield><datafield tag="041" ind1="0" ind2=" "><subfield code="a">chi</subfield><subfield code="f">eng</subfield></datafield><datafield tag="042" ind1=" " ind2=" "><subfield code="a">pcc</subfield></datafield><datafield tag="049" ind1=" " ind2=" "><subfield code="a">MAIN</subfield></datafield><datafield tag="050" ind1="0" ind2="0"><subfield code="a">PL1065</subfield><subfield code="b">.Y893</subfield></datafield><datafield tag="066" ind1=" " ind2=" "><subfield code="c">$1</subfield></datafield><datafield tag="082" ind1="0" ind2="4"><subfield code="a">495.1/07</subfield><subfield code="2">19</subfield></datafield><datafield tag="088" ind1=" " ind2=" "><subfield code="a">CN11-1472</subfield></datafield><datafield tag="245" ind1="0" ind2="0"><subfield code="6">880-01</subfield><subfield code="a">Yu yan jiao xue yu yan jiu =</subfield><subfield code="b">Yuyan jiaoxue yu yanjiu.</subfield></datafield><datafield tag="880" ind1="0" ind2="0"><subfield code="6">245-01/$1</subfield><subfield code="a">语言教学与研究 =</subfield><subfield code="b">Yuyan jiaoxue yu yanjiu.</subfield></datafield><datafield tag="246" ind1="3" ind2="1"><subfield code="a">Yuyan jiaoxue yu yanjiu</subfield></datafield><datafield tag="246" ind1="1" ind2=" "><subfield code="i">Issues for &lt;1979, 2&gt;-1986 also have English title:</subfield><subfield code="a">Language teaching and studies</subfield></datafield><datafield tag="246" ind1="1" ind2=" "><subfield code="i">Issues for 1987- also have English title:</subfield><subfield code="a">Language teaching and linguistic studies</subfield></datafield><datafield tag="260" ind1=" " ind2=" "><subfield code="6">880-02</subfield><subfield code="a">[Peking] :</subfield><subfield code="b">Beijing yu yan xue yuan</subfield></datafield><datafield tag="880" ind1=" " ind2=" "><subfield code="6">260-02/$1</subfield><subfield code="a">[Peking] :</subfield><subfield code="b">北京语言学院</subfield></datafield><datafield tag="300" ind1=" " ind2=" "><subfield code="a">volumes. ;</subfield><subfield code="c">20 cm</subfield></datafield><datafield tag="310" ind1=" " ind2=" "><subfield code="a">Bimonthly,</subfield><subfield code="b">&lt;2002-&gt;</subfield></datafield><datafield tag="321" ind1=" " ind2=" "><subfield code="a">Quarterly</subfield></datafield><datafield tag="336" ind1=" " ind2=" "><subfield code="a">text</subfield><subfield code="b">txt</subfield><subfield code="2">rdacontent</subfield></datafield><datafield tag="337" ind1=" " ind2=" "><subfield code="a">unmediated</subfield><subfield code="b">n</subfield><subfield code="2">rdamedia</subfield></datafield><datafield tag="338" ind1=" " ind2=" "><subfield code="a">volume</subfield><subfield code="b">nc</subfield><subfield code="2">rdacarrier</subfield></datafield><datafield tag="362" ind1="1" ind2=" "><subfield code="a">Began in Sept. 1979.</subfield></datafield><datafield tag="515" ind1=" " ind2=" "><subfield code="a">Issues for &lt;1979, 2-&gt; called also &lt;zong di 2 qi-&gt;; issues for &lt;January 2016-&gt; called &lt;2016, di 1 qi-&gt;, also called &lt;2016, no. 1-&gt;</subfield></datafield><datafield tag="546" ind1=" " ind2=" "><subfield code="a">Table of contents also in English.</subfield></datafield><datafield tag="550" ind1=" " ind2=" "><subfield code="a">Sponsored by: Beijing you yan xue yuan.</subfield></datafield><datafield tag="580" ind1=" " ind2=" "><subfield code="6">880-03</subfield><subfield code="a">Some titles also appeared in: Dui wai Han yu jiao xue lun ji.</subfield></datafield><datafield tag="880" ind1=" " ind2=" "><subfield code="6">580-03/$1</subfield><subfield code="a">Some titles also appeared in: 对外汉语教学论集.</subfield></datafield><datafield tag="588" ind1=" " ind2=" "><subfield code="a">Description based on: 1979, 2; title from cover.</subfield></datafield><datafield tag="588" ind1=" " ind2=" "><subfield code="a">Latest issue consulted: 2006, di 1 qi.</subfield></datafield><datafield tag="650" ind1=" " ind2="0"><subfield code="a">Chinese language</subfield><subfield code="x">Study and teaching</subfield><subfield code="v">Periodicals.</subfield></datafield><datafield tag="650" ind1=" " ind2="0"><subfield code="a">Linguistics</subfield><subfield code="v">Periodicals.</subfield></datafield><datafield tag="650" ind1=" " ind2="7"><subfield code="a">Chinese language</subfield><subfield code="x">Study and teaching.</subfield><subfield code="2">fast</subfield><subfield code="0">(OCoLC)fst00857536</subfield></datafield><datafield tag="650" ind1=" " ind2="7"><subfield code="a">Linguistics.</subfield><subfield code="2">fast</subfield><subfield code="0">(OCoLC)fst00999202</subfield></datafield><datafield tag="655" ind1=" " ind2="7"><subfield code="a">Periodicals.</subfield><subfield code="2">fast</subfield><subfield code="0">(OCoLC)fst01411641</subfield></datafield><datafield tag="710" ind1="2" ind2=" "><subfield code="6">880-04</subfield><subfield code="a">Beijing yu yan xue yuan.</subfield></datafield><datafield tag="880" ind1="2" ind2=" "><subfield code="6">710-04/$1</subfield><subfield code="a">北京语言学院.</subfield></datafield><datafield tag="776" ind1="0" ind2="8"><subfield code="i">Online version:</subfield><subfield code="t">Yu yan jiao xue yu yan jiu</subfield><subfield code="w">(OCoLC)556273605</subfield></datafield><datafield tag="776" ind1="0" ind2="8"><subfield code="i">Online version:</subfield><subfield code="t">Yu yan jiao xue yu yan jiu</subfield><subfield code="w">(OCoLC)607133029</subfield></datafield><datafield tag="787" ind1="1" ind2=" "><subfield code="6">880-05</subfield><subfield code="t">Dui wai Han yu jiao xue lun ji</subfield><subfield code="w">(DLC)   88646692</subfield><subfield code="w">(OCoLC)18077614</subfield></datafield><datafield tag="880" ind1="1" ind2=" "><subfield code="6">787-05/$1</subfield><subfield code="t">对外汉语教学论集</subfield><subfield code="w">(DLC)   88646692</subfield><subfield code="w">(OCoLC)18077614</subfield></datafield><datafield tag="850" ind1=" " ind2=" "><subfield code="a">CU-SB</subfield><subfield code="a">CaOTU</subfield><subfield code="a">DLC</subfield><subfield code="a">FU</subfield><subfield code="a">InU</subfield><subfield code="a">MdU</subfield><subfield code="a">NIC</subfield><subfield code="a">OU</subfield><subfield code="a">OrU</subfield><subfield code="a">PPiU</subfield></datafield><datafield tag="891" ind1="2" ind2="0"><subfield code="9">853</subfield><subfield code="8">1</subfield><subfield code="a">(year)</subfield><subfield code="b">qi</subfield><subfield code="u">6</subfield><subfield code="v">r</subfield><subfield code="g">zong qi</subfield><subfield code="i">(year)</subfield><subfield code="j">(month)</subfield><subfield code="w">b</subfield><subfield code="x">01</subfield></datafield><datafield tag="891" ind1="4" ind2="1"><subfield code="9">863</subfield><subfield code="8">1.1</subfield><subfield code="a">&lt;2016&gt;</subfield><subfield code="b">&lt;1&gt;</subfield><subfield code="g">177</subfield><subfield code="i">&lt;2016&gt;</subfield><subfield code="j">&lt;01&gt;</subfield></datafield><datafield tag="852" ind1="0" ind2=" "><subfield code="8">22197987100002917</subfield><subfield code="b">Main</subfield><subfield code="c">pru</subfield><subfield code="h">PL1065 .Y893</subfield></datafield><datafield tag="852" ind1="0" ind2="1"><subfield code="8">22197987110002917</subfield><subfield code="b">Main</subfield><subfield code="c">asp</subfield><subfield code="h">PL1065</subfield><subfield code="i">.Y893</subfield></datafield><datafield tag="853" ind1=" " ind2=" "><subfield code="8">22197987110002917.1</subfield><subfield code="8">1</subfield><subfield code="a">(year)</subfield><subfield code="b">qi </subfield><subfield code="u">6</subfield><subfield code="v">r</subfield><subfield code="g">zong qi </subfield><subfield code="i">(year)</subfield><subfield code="j">(month)</subfield><subfield code="w">b</subfield><subfield code="x">01</subfield></datafield><datafield tag="863" ind1=" " ind2=" "><subfield code="8">22197987110002917.2</subfield><subfield code="8">1.1</subfield><subfield code="a">2016-</subfield><subfield code="b">1-</subfield><subfield code="g">177-</subfield><subfield code="i">2016-</subfield><subfield code="j">01-</subfield></datafield><datafield tag="974" ind1=" " ind2=" "><subfield code="a">p CJK jsu</subfield><subfield code="9">LOCAL</subfield></datafield><datafield tag="974" ind1=" " ind2=" "><subfield code="a">SerSol print list 03/16</subfield><subfield code="9">LOCAL</subfield></datafield><datafield tag="994" ind1=" " ind2=" "><subfield code="a">92</subfield><subfield code="b">CAC</subfield></datafield><datafield tag="995" ind1=" " ind2=" "><subfield code="a">CSU initial load collection</subfield></datafield></record>