<record><leader>02997cas a2200649 a 4500</leader><controlfield tag="001">991002873099702917</controlfield><controlfield tag="005">20160405021824.8</controlfield><controlfield tag="008">820806c19829999dcubx p       0   a0eng c</controlfield><datafield tag="010" ind1=" " ind2=" "><subfield code="a">   95657047 </subfield><subfield code="z">sc 84008424 </subfield></datafield><datafield tag="012" ind1=" " ind2=" "><subfield code="i">9504</subfield><subfield code="l">a</subfield><subfield code="m">0</subfield></datafield><datafield tag="016" ind1="7" ind2=" "><subfield code="a">011774648</subfield><subfield code="2">Uk</subfield></datafield><datafield tag="022" ind1="0" ind2=" "><subfield code="a">8755-4917</subfield><subfield code="l">8755-4917</subfield><subfield code="2">1</subfield></datafield><datafield tag="029" ind1="1" ind2=" "><subfield code="a">NZ1</subfield><subfield code="b">5660545</subfield></datafield><datafield tag="029" ind1="1" ind2=" "><subfield code="a">AU@</subfield><subfield code="b">000011541763</subfield></datafield><datafield tag="029" ind1="1" ind2=" "><subfield code="a">ZWZ</subfield><subfield code="b">037429264</subfield></datafield><datafield tag="035" ind1=" " ind2=" "><subfield code="a">ocm08664762-01cals_network</subfield></datafield><datafield tag="035" ind1=" " ind2=" "><subfield code="a">(OCoLC)ocm08664762 </subfield><subfield code="9">ExL</subfield></datafield><datafield tag="035" ind1=" " ind2=" "><subfield code="a">(OCoLC)08664762</subfield></datafield><datafield tag="035" ind1=" " ind2=" "><subfield code="a">(EXLNZ-01CALS_NETWORK)991016068959702901</subfield></datafield><datafield tag="040" ind1=" " ind2=" "><subfield code="a">GWL</subfield><subfield code="b">eng</subfield><subfield code="c">GWL</subfield><subfield code="d">HUL</subfield><subfield code="d">DLC</subfield><subfield code="d">NST</subfield><subfield code="d">DLC</subfield><subfield code="d">NSD</subfield><subfield code="d">NST</subfield><subfield code="d">IUL</subfield><subfield code="d">EYM</subfield><subfield code="d">NST</subfield><subfield code="d">OCL</subfield><subfield code="d">NST</subfield><subfield code="d">DLC</subfield><subfield code="d">NSD</subfield><subfield code="d">IUL</subfield><subfield code="d">CUS</subfield><subfield code="d">SYS</subfield><subfield code="d">GUA</subfield><subfield code="d">OCLCQ</subfield><subfield code="d">HLS</subfield><subfield code="d">IUL</subfield><subfield code="d">GUA</subfield><subfield code="d">CDS</subfield><subfield code="d">HLS</subfield><subfield code="d">OCLCQ</subfield><subfield code="d">DLC</subfield><subfield code="d">UKMGB</subfield><subfield code="d">FUG</subfield><subfield code="d">OCLCO</subfield><subfield code="d">OCLCQ</subfield><subfield code="d">TJC</subfield><subfield code="d">OCLCF</subfield><subfield code="d">UPP</subfield><subfield code="d">COD</subfield><subfield code="d">OCLCO</subfield><subfield code="d">OCL</subfield><subfield code="d">CUS</subfield></datafield><datafield tag="042" ind1=" " ind2=" "><subfield code="a">pcc</subfield><subfield code="a">nsdp</subfield></datafield><datafield tag="043" ind1=" " ind2=" "><subfield code="a">aw-----</subfield></datafield><datafield tag="049" ind1=" " ind2=" "><subfield code="a">MAIN</subfield></datafield><datafield tag="050" ind1="0" ind2="0"><subfield code="a">DS63.1</subfield><subfield code="b">.W28</subfield></datafield><datafield tag="082" ind1="1" ind2="4"><subfield code="a">327</subfield><subfield code="2">11</subfield></datafield><datafield tag="210" ind1="0" ind2=" "><subfield code="a">Washington rep. Middle East aff.</subfield></datafield><datafield tag="222" ind1=" " ind2="4"><subfield code="a">The Washington report on Middle East affairs</subfield></datafield><datafield tag="245" ind1="0" ind2="4"><subfield code="a">The Washington report on Middle East affairs.</subfield></datafield><datafield tag="260" ind1=" " ind2=" "><subfield code="a">Washington, D.C. :</subfield><subfield code="b">American Educational Trust,</subfield><subfield code="c">[1982-</subfield></datafield><datafield tag="300" ind1=" " ind2=" "><subfield code="a">v. :</subfield><subfield code="b">ill. ;</subfield><subfield code="c">28 cm.</subfield></datafield><datafield tag="310" ind1=" " ind2=" "><subfield code="a">8 times a year (monthly except Jan./Feb., Mar./Apr. and June/July combined),</subfield><subfield code="b">2014-</subfield></datafield><datafield tag="321" ind1=" " ind2=" "><subfield code="a">Frequency varies,</subfield><subfield code="b">1982-2004</subfield></datafield><datafield tag="321" ind1=" " ind2=" "><subfield code="a">Nine times a year,</subfield><subfield code="b">2005-2011</subfield></datafield><datafield tag="321" ind1=" " ind2=" "><subfield code="a">Eight issues a year,</subfield><subfield code="b">2012</subfield></datafield><datafield tag="321" ind1=" " ind2=" "><subfield code="a">Nine times a year, with combined issues Jan./Feb.,June/July and Oct./Nov.,</subfield><subfield code="b">2013</subfield></datafield><datafield tag="362" ind1="0" ind2=" "><subfield code="a">Vol. 1, no. 1 (Apr. 5, 1982)-</subfield></datafield><datafield tag="588" ind1=" " ind2=" "><subfield code="a">Title from caption.</subfield></datafield><datafield tag="588" ind1=" " ind2=" "><subfield code="a">Latest issue consulted: Vol. 33, no. 5 (Aug. 2014).</subfield></datafield><datafield tag="525" ind1=" " ind2=" "><subfield code="a">Has a 16 page accompanying supplement entitled: Other voices from the Middle East clipboard.</subfield></datafield><datafield tag="651" ind1=" " ind2="0"><subfield code="a">Middle East</subfield><subfield code="x">Politics and government</subfield><subfield code="y">1945-</subfield><subfield code="v">Periodicals.</subfield></datafield><datafield tag="651" ind1=" " ind2="0"><subfield code="a">Middle East</subfield><subfield code="v">Periodicals.</subfield></datafield><datafield tag="650" ind1=" " ind2="7"><subfield code="a">Politics and government</subfield><subfield code="2">fast</subfield><subfield code="0">(OCoLC)fst01919741</subfield></datafield><datafield tag="651" ind1=" " ind2="7"><subfield code="a">Middle East.</subfield><subfield code="2">fast</subfield><subfield code="0">(OCoLC)fst01241586</subfield></datafield><datafield tag="648" ind1=" " ind2="7"><subfield code="a">Since 1945</subfield><subfield code="2">fast</subfield></datafield><datafield tag="655" ind1=" " ind2="7"><subfield code="a">Periodicals.</subfield><subfield code="2">fast</subfield><subfield code="0">(OCoLC)fst01411641</subfield></datafield><datafield tag="710" ind1="2" ind2=" "><subfield code="a">American Educational Trust.</subfield></datafield><datafield tag="770" ind1="0" ind2=" "><subfield code="t">Other voices from the Middle East clipboard</subfield><subfield code="w">(DLC)  2005237191</subfield><subfield code="w">(OCoLC)61341349</subfield></datafield><datafield tag="776" ind1="0" ind2="8"><subfield code="i">Online version:</subfield><subfield code="t">Washington report on Middle East affairs</subfield><subfield code="x">2163-2782</subfield><subfield code="w">(DLC)  2011202361</subfield><subfield code="w">(OCoLC)46540176</subfield></datafield><datafield tag="850" ind1=" " ind2=" "><subfield code="a">AMAU</subfield><subfield code="a">ArU</subfield><subfield code="a">AzU</subfield><subfield code="a">CU-Riv</subfield><subfield code="a">CoFS</subfield><subfield code="a">CoU</subfield><subfield code="a">DLC</subfield><subfield code="a">FU</subfield><subfield code="a">ICU</subfield><subfield code="a">InLP</subfield><subfield code="a">InU</subfield><subfield code="a">KMK</subfield><subfield code="a">MH</subfield><subfield code="a">MiEM</subfield><subfield code="a">MiU</subfield><subfield code="a">MnU</subfield><subfield code="a">NIC</subfield><subfield code="a">NN</subfield><subfield code="a">NNC</subfield><subfield code="a">NcRS</subfield><subfield code="a">NcWsW</subfield><subfield code="a">NjP</subfield><subfield code="a">NjR</subfield><subfield code="a">OCU</subfield><subfield code="a">OU</subfield><subfield code="a">OrCS</subfield><subfield code="a">PPiC</subfield><subfield code="a">PU</subfield><subfield code="a">TU</subfield><subfield code="a">TxCM</subfield><subfield code="a">TxDaM</subfield><subfield code="a">UU</subfield><subfield code="a">ViU</subfield></datafield><datafield tag="856" ind1="4" ind2="1"><subfield code="u">http://www.washington-report.org</subfield></datafield><datafield tag="856" ind1="4" ind2="1"><subfield code="u">http://bibpurl.oclc.org/web/75355</subfield><subfield code="u">http://www.wrmea.org/wrmea-archives.html</subfield></datafield><datafield tag="891" ind1="2" ind2="0"><subfield code="9">853</subfield><subfield code="8">1</subfield><subfield code="a">v.</subfield><subfield code="b">no.</subfield><subfield code="u">10</subfield><subfield code="v">r</subfield><subfield code="i">(year)</subfield><subfield code="j">(month)</subfield><subfield code="w">10</subfield><subfield code="x">01/02</subfield></datafield><datafield tag="891" ind1="4" ind2="1"><subfield code="9">863</subfield><subfield code="8">1.1</subfield><subfield code="a">22</subfield><subfield code="b">1</subfield><subfield code="i">2003</subfield><subfield code="j">01/02</subfield></datafield><datafield tag="891" ind1="2" ind2="0"><subfield code="9">853</subfield><subfield code="8">2</subfield><subfield code="a">v.</subfield><subfield code="b">no.</subfield><subfield code="u">9</subfield><subfield code="v">r</subfield><subfield code="i">(year)</subfield><subfield code="j">(month)</subfield><subfield code="w">m</subfield><subfield code="x">01/02</subfield><subfield code="y">cm01/02,05/06,09/10</subfield></datafield><datafield tag="891" ind1="4" ind2="1"><subfield code="9">863</subfield><subfield code="8">2.1</subfield><subfield code="a">24</subfield><subfield code="b">1</subfield><subfield code="i">2005</subfield><subfield code="j">01/02</subfield></datafield><datafield tag="891" ind1="2" ind2="0"><subfield code="9">853</subfield><subfield code="8">3</subfield><subfield code="a">v.</subfield><subfield code="b">no.</subfield><subfield code="u">8</subfield><subfield code="v">r</subfield><subfield code="i">(year)</subfield><subfield code="j">(month)</subfield><subfield code="w">m</subfield><subfield code="x">01/02</subfield><subfield code="y">cm01/02,03/04,06/07,11/12</subfield></datafield><datafield tag="891" ind1="4" ind2="1"><subfield code="9">863</subfield><subfield code="8">3</subfield><subfield code="a">31</subfield><subfield code="b">1</subfield><subfield code="i">2012</subfield><subfield code="j">01/02</subfield></datafield><datafield tag="852" ind1="0" ind2="1"><subfield code="8">22170369200002917</subfield><subfield code="b">Main</subfield><subfield code="c">psx</subfield><subfield code="h">DS41</subfield><subfield code="i">.W37</subfield></datafield><datafield tag="853" ind1=" " ind2=" "><subfield code="8">22170369200002917.1</subfield><subfield code="8">1</subfield><subfield code="a">v.</subfield><subfield code="b">no.</subfield><subfield code="i">(year)</subfield><subfield code="j">(month)</subfield></datafield><datafield tag="863" ind1=" " ind2=" "><subfield code="8">22170369200002917.2</subfield><subfield code="8">1.1</subfield><subfield code="a">7-25</subfield><subfield code="b">7-9</subfield><subfield code="i">1988-2006</subfield><subfield code="j">11-12</subfield><subfield code="z"> + Current 1 year only</subfield></datafield><datafield tag="852" ind1="0" ind2=" "><subfield code="8">22170369340002917</subfield><subfield code="b">Main</subfield><subfield code="c">pru</subfield><subfield code="h">DS41 .W37</subfield></datafield><datafield tag="852" ind1="0" ind2=" "><subfield code="8">22170369550002917</subfield><subfield code="b">Main</subfield><subfield code="c">ps5</subfield><subfield code="h">DS41 .W37</subfield></datafield><datafield tag="974" ind1=" " ind2=" "><subfield code="a">p recat rm; barcoded/DISPLAYED-rm 06/08</subfield><subfield code="9">LOCAL</subfield></datafield><datafield tag="974" ind1=" " ind2=" "><subfield code="a">SerSol print list 10/09--rm</subfield><subfield code="9">LOCAL</subfield></datafield><datafield tag="974" ind1=" " ind2=" "><subfield code="a">ypsersreclamy</subfield><subfield code="9">LOCAL</subfield></datafield><datafield tag="994" ind1=" " ind2=" "><subfield code="a">92</subfield><subfield code="b">CAC</subfield></datafield><datafield tag="995" ind1=" " ind2=" "><subfield code="a">CSU initial load collection</subfield></datafield></record>