<record><leader>14067cas a2201633 a 4500</leader><controlfield tag="001">991017822369702917</controlfield><controlfield tag="005">20161007223346.0</controlfield><controlfield tag="008">751101c19409999mdubr p       0   a0eng  </controlfield><datafield tag="010" ind1=" " ind2=" "><subfield code="a">42018861</subfield></datafield><datafield tag="022" ind1="0" ind2=" "><subfield code="a">0032-8510</subfield><subfield code="2">1</subfield></datafield><datafield tag="035" ind1=" " ind2=" "><subfield code="a">(CDS)b18255905-01cals_sdl</subfield></datafield><datafield tag="035" ind1=" " ind2=" "><subfield code="a">(OCoLC)1762867</subfield><subfield code="9">ExL</subfield></datafield><datafield tag="040" ind1=" " ind2=" "><subfield code="a">DLC</subfield><subfield code="c">MUL</subfield><subfield code="d">OCL</subfield><subfield code="d">NSD</subfield><subfield code="d">COO</subfield><subfield code="d">DLC</subfield><subfield code="d">NSD</subfield><subfield code="d">AIP</subfield><subfield code="d">OCL</subfield><subfield code="d">AIP</subfield><subfield code="d">NSD</subfield><subfield code="d">AIP</subfield><subfield code="d">OCL</subfield><subfield code="d">NST</subfield><subfield code="d">DLC</subfield><subfield code="d">NST</subfield><subfield code="d">HUL</subfield><subfield code="d">NST</subfield><subfield code="d">SYS</subfield><subfield code="d">WAU</subfield><subfield code="d">NLM</subfield><subfield code="d">OCLCQ</subfield><subfield code="d">NLGGC</subfield><subfield code="d">DLC</subfield><subfield code="d">UQ1</subfield><subfield code="d">CDS</subfield><subfield code="d">UtOrBLWRDA</subfield></datafield><datafield tag="049" ind1=" " ind2=" "><subfield code="a">CDSM</subfield></datafield><datafield tag="050" ind1="0" ind2=" "><subfield code="a">Z119</subfield><subfield code="b">.P8985</subfield></datafield><datafield tag="130" ind1="0" ind2=" "><subfield code="a">Print (New Haven, Conn.)</subfield></datafield><datafield tag="210" ind1="0" ind2=" "><subfield code="a">Print</subfield><subfield code="b">(New York)</subfield></datafield><datafield tag="222" ind1=" " ind2="0"><subfield code="a">Print</subfield><subfield code="b">(New York)</subfield></datafield><datafield tag="245" ind1="1" ind2="0"><subfield code="a">Print.</subfield></datafield><datafield tag="264" ind1=" " ind2="1"><subfield code="a">New Haven, Conn. :</subfield><subfield code="b">W.E. Rudge Inc.,</subfield><subfield code="c">[1940-]</subfield></datafield><datafield tag="264" ind1=" " ind2="4"><subfield code="c">©1940-</subfield></datafield><datafield tag="300" ind1=" " ind2=" "><subfield code="a">volumes :</subfield><subfield code="b">illustrations ;</subfield><subfield code="c">26-31 cm.</subfield></datafield><datafield tag="310" ind1=" " ind2=" "><subfield code="a">Bimonthly,</subfield><subfield code="b">Aug. 1951-</subfield></datafield><datafield tag="321" ind1=" " ind2=" "><subfield code="a">Quarterly,</subfield><subfield code="b">1940-winter 1950-1951.</subfield></datafield><datafield tag="336" ind1=" " ind2=" "><subfield code="a">text</subfield><subfield code="b">txt</subfield><subfield code="2">rdacontent.</subfield></datafield><datafield tag="337" ind1=" " ind2=" "><subfield code="a">unmediated</subfield><subfield code="b">n</subfield><subfield code="2">rdamedia.</subfield></datafield><datafield tag="338" ind1=" " ind2=" "><subfield code="a">volume</subfield><subfield code="b">nc</subfield><subfield code="2">rdacarrier.</subfield></datafield><datafield tag="362" ind1="0" ind2=" "><subfield code="a">Vol. 1, no. 1 (June 1940)-</subfield></datafield><datafield tag="500" ind1=" " ind2=" "><subfield code="a">Imprint varies.</subfield></datafield><datafield tag="500" ind1=" " ind2=" "><subfield code="a">Includes the sections "The rare book market" and "Book reviews."</subfield></datafield><datafield tag="500" ind1=" " ind2=" "><subfield code="a">Issues for &lt;Nov./Dec. 1981-Nov./Dec. 2005&gt; called also: Print's regional design annual.</subfield></datafield><datafield tag="588" ind1=" " ind2=" "><subfield code="a">Latest issue consulted: Vol. 59, no. 6 (Nov./Dec. 2005); title from cover.</subfield></datafield><datafield tag="650" ind1=" " ind2="0"><subfield code="a">Book industries and trade</subfield><subfield code="v">Periodicals.</subfield></datafield><datafield tag="740" ind1="0" ind2=" "><subfield code="a">Print's regional design annual.</subfield></datafield><datafield tag="780" ind1="0" ind2="5"><subfield code="t">Printing art</subfield><subfield code="g">summer 1942</subfield><subfield code="w">(OCoLC)9074110.</subfield></datafield><datafield tag="780" ind1="0" ind2="5"><subfield code="t">Print collectors' quarterly</subfield><subfield code="g">winter 1950/51</subfield><subfield code="w">(OCoLC)1279979.</subfield></datafield><datafield tag="891" ind1="3" ind2="3"><subfield code="9">853</subfield><subfield code="8">1</subfield><subfield code="a">v.</subfield><subfield code="b">no.</subfield><subfield code="i">(year)</subfield><subfield code="j">(month/month)</subfield></datafield><datafield tag="891" ind1="3" ind2="0"><subfield code="9">863</subfield><subfield code="8">1.1</subfield><subfield code="a">&lt;45&gt;</subfield><subfield code="b">&lt;5&gt;</subfield><subfield code="i">&lt;1991&gt;</subfield><subfield code="j">&lt;Sept./Oct.&gt;</subfield><subfield code="x">provisional.</subfield></datafield><datafield tag="891" ind1="2" ind2="0"><subfield code="9">853</subfield><subfield code="8">2</subfield><subfield code="a">v.</subfield><subfield code="b">no.</subfield><subfield code="u">6</subfield><subfield code="v">r</subfield><subfield code="i">(year)</subfield><subfield code="j">(month)</subfield><subfield code="w">b</subfield><subfield code="x">01/02.</subfield></datafield><datafield tag="891" ind1="4" ind2="1"><subfield code="9">863</subfield><subfield code="8">2.1</subfield><subfield code="a">&lt;61&gt;</subfield><subfield code="b">&lt;1&gt;</subfield><subfield code="i">&lt;2007&gt;</subfield><subfield code="j">&lt;01/02&gt;</subfield></datafield><datafield tag="891" ind1="2" ind2="0"><subfield code="9">853</subfield><subfield code="8">3</subfield><subfield code="a">v.</subfield><subfield code="b">no.</subfield><subfield code="u">6</subfield><subfield code="v">r</subfield><subfield code="i">(year)</subfield><subfield code="j">(month)</subfield><subfield code="w">b</subfield><subfield code="x">01.</subfield></datafield><datafield tag="891" ind1="4" ind2="1"><subfield code="9">863</subfield><subfield code="8">3.1</subfield><subfield code="a">62</subfield><subfield code="b">1</subfield><subfield code="i">2008</subfield><subfield code="j">02.</subfield></datafield><datafield tag="852" ind1="0" ind2="1"><subfield code="8">22150389020002917</subfield><subfield code="b">Main</subfield><subfield code="c">psx</subfield><subfield code="h">Z119</subfield><subfield code="i">.P8985</subfield></datafield><datafield tag="853" ind1=" " ind2=" "><subfield code="8">22150389020002917.1</subfield><subfield code="8">1</subfield><subfield code="a">v.</subfield><subfield code="b">no.</subfield><subfield code="i">(year)</subfield><subfield code="j">(month)</subfield></datafield><datafield tag="853" ind1=" " ind2=" "><subfield code="8">22150389020002917.2</subfield><subfield code="8">2</subfield><subfield code="a">v.</subfield><subfield code="b">no.</subfield><subfield code="i">(year)</subfield><subfield code="j">(season)</subfield></datafield><datafield tag="853" ind1=" " ind2=" "><subfield code="8">22150389020002917.3</subfield><subfield code="8">3</subfield><subfield code="a">v.</subfield><subfield code="b">no.</subfield><subfield code="i">(year)</subfield><subfield code="j">(month)</subfield></datafield><datafield tag="863" ind1=" " ind2=" "><subfield code="8">22150389020002917.4</subfield><subfield code="8">1.1</subfield><subfield code="a">1-2</subfield><subfield code="b">1-1</subfield><subfield code="i">1940-1941</subfield><subfield code="j">06-05/06</subfield></datafield><datafield tag="863" ind1=" " ind2=" "><subfield code="8">22150389020002917.5</subfield><subfield code="8">2.1</subfield><subfield code="a">2</subfield><subfield code="b">2</subfield><subfield code="i">1941</subfield><subfield code="j">22</subfield></datafield><datafield tag="863" ind1=" " ind2=" "><subfield code="8">22150389020002917.6</subfield><subfield code="8">2.2</subfield><subfield code="a">3</subfield><subfield code="b">1</subfield><subfield code="i">1942</subfield><subfield code="j">21</subfield></datafield><datafield tag="863" ind1=" " ind2=" "><subfield code="8">22150389020002917.7</subfield><subfield code="8">3.1</subfield><subfield code="a">7-13</subfield><subfield code="b">3-6</subfield><subfield code="i">1952-1959</subfield><subfield code="j">06-11/12</subfield></datafield><datafield tag="863" ind1=" " ind2=" "><subfield code="8">22150389020002917.8</subfield><subfield code="8">3.2</subfield><subfield code="a">14-16</subfield><subfield code="b">2-5</subfield><subfield code="i">1960-1962</subfield><subfield code="j">03/04-09/10</subfield></datafield><datafield tag="863" ind1=" " ind2=" "><subfield code="8">22150389020002917.9</subfield><subfield code="8">3.3</subfield><subfield code="a">17-19</subfield><subfield code="b">1-5</subfield><subfield code="i">1963-1965</subfield><subfield code="j">01/02-09/10</subfield></datafield><datafield tag="863" ind1=" " ind2=" "><subfield code="8">22150389020002917.10</subfield><subfield code="8">3.4</subfield><subfield code="a">20-24</subfield><subfield code="b">1-2</subfield><subfield code="i">1966-1970</subfield><subfield code="j">01/02-03/04</subfield></datafield><datafield tag="863" ind1=" " ind2=" "><subfield code="8">22150389020002917.11</subfield><subfield code="8">3.5</subfield><subfield code="a">24-28</subfield><subfield code="b">4-3</subfield><subfield code="i">1970-1974</subfield><subfield code="j">07/08-09/10</subfield></datafield><datafield tag="863" ind1=" " ind2=" "><subfield code="8">22150389020002917.12</subfield><subfield code="8">3.6</subfield><subfield code="a">29-60</subfield><subfield code="b">1-3</subfield><subfield code="i">1975-2006</subfield><subfield code="j">01/02-05/06</subfield></datafield><datafield tag="863" ind1=" " ind2=" "><subfield code="8">22150389020002917.13</subfield><subfield code="8">3.7</subfield><subfield code="a">60-</subfield><subfield code="b">5-</subfield><subfield code="i">2006-</subfield><subfield code="j">09/10-</subfield></datafield><datafield tag="852" ind1="0" ind2=" "><subfield code="8">22150389120002917</subfield><subfield code="b">Main</subfield><subfield code="c">pru</subfield><subfield code="h">Z119 .P8985</subfield></datafield><datafield tag="852" ind1="0" ind2=" "><subfield code="8">22150389550002917</subfield><subfield code="b">Main</subfield><subfield code="c">ps5</subfield><subfield code="h">Z119 .P8985</subfield></datafield><datafield tag="853" ind1="0" ind2="3"><subfield code="8">22150389550002917.1</subfield><subfield code="a">v.</subfield><subfield code="b">no.</subfield><subfield code="u">52</subfield><subfield code="v">r</subfield><subfield code="i">(year)</subfield><subfield code="j">(month)</subfield><subfield code="k">(day)</subfield><subfield code="w">w</subfield><subfield code="8">1</subfield></datafield><datafield tag="852" ind1="0" ind2=" "><subfield code="8">22228624410002917</subfield><subfield code="b">Main</subfield><subfield code="c">ps5</subfield><subfield code="t">1</subfield><subfield code="h">Z119</subfield><subfield code="i">.P8985</subfield></datafield><datafield tag="933" ind1=" " ind2=" "><subfield code="a">.b18255905</subfield><subfield code="b">-</subfield></datafield><datafield tag="945" ind1=" " ind2=" "><subfield code="a">Z119</subfield><subfield code="b">.P8985</subfield><subfield code="c">Current issues</subfield><subfield code="g">1</subfield><subfield code="h">0</subfield><subfield code="i">30650013706854</subfield><subfield code="j">  -  -  </subfield><subfield code="l">pru  </subfield><subfield code="n">intl use set to 0, 8/4/14 rm</subfield><subfield code="o">n</subfield><subfield code="p">$0.00</subfield><subfield code="q">-</subfield><subfield code="s">-</subfield><subfield code="t">12</subfield><subfield code="u">0</subfield><subfield code="v">0</subfield><subfield code="w">0</subfield><subfield code="x">0</subfield><subfield code="y">.i22528398</subfield><subfield code="z">930823</subfield></datafield><datafield tag="945" ind1=" " ind2=" "><subfield code="c">v.1 1940-1941 </subfield><subfield code="g">1</subfield><subfield code="h">0</subfield><subfield code="i">30650018352498</subfield><subfield code="j">  -  -  </subfield><subfield code="l">ps5  </subfield><subfield code="o">z</subfield><subfield code="p">$0.00</subfield><subfield code="q">-</subfield><subfield code="s">-</subfield><subfield code="t">12</subfield><subfield code="u">0</subfield><subfield code="v">0</subfield><subfield code="w">0</subfield><subfield code="x">0</subfield><subfield code="y">.i33186480</subfield><subfield code="z">071113</subfield></datafield><datafield tag="945" ind1=" " ind2=" "><subfield code="c">v.2 no.1-2 1941 </subfield><subfield code="g">1</subfield><subfield code="h">0</subfield><subfield code="i">30650018352506</subfield><subfield code="j">  -  -  </subfield><subfield code="l">ps5  </subfield><subfield code="o">z</subfield><subfield code="p">$0.00</subfield><subfield code="q">-</subfield><subfield code="s">-</subfield><subfield code="t">12</subfield><subfield code="u">0</subfield><subfield code="v">0</subfield><subfield code="w">0</subfield><subfield code="x">0</subfield><subfield code="y">.i33186492</subfield><subfield code="z">071113</subfield></datafield><datafield tag="945" ind1=" " ind2=" "><subfield code="c">v.3 no.1 1942 </subfield><subfield code="g">1</subfield><subfield code="h">0</subfield><subfield code="i">30650018352522</subfield><subfield code="j">  -  -  </subfield><subfield code="l">ps5  </subfield><subfield code="o">z</subfield><subfield code="p">$0.00</subfield><subfield code="q">-</subfield><subfield code="s">-</subfield><subfield code="t">12</subfield><subfield code="u">0</subfield><subfield code="v">0</subfield><subfield code="w">0</subfield><subfield code="x">0</subfield><subfield code="y">.i33186522</subfield><subfield code="z">071113</subfield></datafield><datafield tag="945" ind1=" " ind2=" "><subfield code="c">v.7 no.3-5 1952 </subfield><subfield code="g">1</subfield><subfield code="h">0</subfield><subfield code="i">30650018352514</subfield><subfield code="j">  -  -  </subfield><subfield code="l">ps5  </subfield><subfield code="o">z</subfield><subfield code="p">$0.00</subfield><subfield code="q">-</subfield><subfield code="s">-</subfield><subfield code="t">12</subfield><subfield code="u">0</subfield><subfield code="v">0</subfield><subfield code="w">0</subfield><subfield code="x">0</subfield><subfield code="y">.i33186510</subfield><subfield code="z">071113</subfield></datafield><datafield tag="945" ind1=" " ind2=" "><subfield code="c">v.8 1953-1954 </subfield><subfield code="g">1</subfield><subfield code="h">0</subfield><subfield code="i">30650018352530</subfield><subfield code="j">  -  -  </subfield><subfield code="l">ps5  </subfield><subfield code="o">z</subfield><subfield code="p">$0.00</subfield><subfield code="q">-</subfield><subfield code="s">-</subfield><subfield code="t">12</subfield><subfield code="u">0</subfield><subfield code="v">0</subfield><subfield code="w">0</subfield><subfield code="x">0</subfield><subfield code="y">.i33186534</subfield><subfield code="z">071113</subfield></datafield><datafield tag="945" ind1=" " ind2=" "><subfield code="c">v.9 1954-1955</subfield><subfield code="g">1</subfield><subfield code="h">0</subfield><subfield code="i">30650018352548</subfield><subfield code="j">  -  -  </subfield><subfield code="l">ps5  </subfield><subfield code="o">z</subfield><subfield code="p">$0.00</subfield><subfield code="q">-</subfield><subfield code="s">-</subfield><subfield code="t">12</subfield><subfield code="u">0</subfield><subfield code="v">0</subfield><subfield code="w">0</subfield><subfield code="x">0</subfield><subfield code="y">.i33186546</subfield><subfield code="z">071113</subfield></datafield><datafield tag="945" ind1=" " ind2=" "><subfield code="c">v.10-11 1955-1958 </subfield><subfield code="g">1</subfield><subfield code="h">0</subfield><subfield code="i">30650009482684</subfield><subfield code="j">  -  -  </subfield><subfield code="l">ps5  </subfield><subfield code="o">z</subfield><subfield code="p">$0.00</subfield><subfield code="q">-</subfield><subfield code="s">-</subfield><subfield code="t">12</subfield><subfield code="u">1</subfield><subfield code="v">0</subfield><subfield code="w">0</subfield><subfield code="x">0</subfield><subfield code="y">.i21066085</subfield><subfield code="z">910403</subfield></datafield><datafield tag="945" ind1=" " ind2=" "><subfield code="c">v.12 1958 </subfield><subfield code="g">1</subfield><subfield code="h">0</subfield><subfield code="i">30650009500113</subfield><subfield code="j">  -  -  </subfield><subfield code="l">ps5  </subfield><subfield code="o">z</subfield><subfield code="p">$0.00</subfield><subfield code="q">-</subfield><subfield code="s">-</subfield><subfield code="t">12</subfield><subfield code="u">1</subfield><subfield code="v">0</subfield><subfield code="w">0</subfield><subfield code="x">0</subfield><subfield code="y">.i2107317x</subfield><subfield code="z">910408</subfield></datafield><datafield tag="945" ind1=" " ind2=" "><subfield code="c">v.13 1959 </subfield><subfield code="g">1</subfield><subfield code="h">0</subfield><subfield code="i">30650018352555</subfield><subfield code="j">  -  -  </subfield><subfield code="l">ps5  </subfield><subfield code="o">z</subfield><subfield code="p">$0.00</subfield><subfield code="q">-</subfield><subfield code="s">-</subfield><subfield code="t">12</subfield><subfield code="u">0</subfield><subfield code="v">0</subfield><subfield code="w">0</subfield><subfield code="x">0</subfield><subfield code="y">.i33186558</subfield><subfield code="z">071113</subfield></datafield><datafield tag="945" ind1=" " ind2=" "><subfield code="c">v.14 1960 Inc.</subfield><subfield code="g">1</subfield><subfield code="h">0</subfield><subfield code="i">30650018352563</subfield><subfield code="j">  -  -  </subfield><subfield code="l">ps5  </subfield><subfield code="o">z</subfield><subfield code="p">$0.00</subfield><subfield code="q">-</subfield><subfield code="s">-</subfield><subfield code="t">12</subfield><subfield code="u">0</subfield><subfield code="v">0</subfield><subfield code="w">0</subfield><subfield code="x">0</subfield><subfield code="y">.i3318656x</subfield><subfield code="z">071113</subfield></datafield><datafield tag="945" ind1=" " ind2=" "><subfield code="c">v.15 1961</subfield><subfield code="g">1</subfield><subfield code="h">0</subfield><subfield code="i">30650017988334</subfield><subfield code="j">  -  -  </subfield><subfield code="l">ps5  </subfield><subfield code="o">z</subfield><subfield code="p">$0.00</subfield><subfield code="q">-</subfield><subfield code="s">-</subfield><subfield code="t">12</subfield><subfield code="u">1</subfield><subfield code="v">0</subfield><subfield code="w">0</subfield><subfield code="x">0</subfield><subfield code="y">.i21065974</subfield><subfield code="z">910403</subfield></datafield><datafield tag="945" ind1=" " ind2=" "><subfield code="c">v.16 1962 Inc.</subfield><subfield code="g">1</subfield><subfield code="h">0</subfield><subfield code="i">30650017988375</subfield><subfield code="j">  -  -  </subfield><subfield code="l">ps5  </subfield><subfield code="o">z</subfield><subfield code="p">$0.00</subfield><subfield code="q">-</subfield><subfield code="s">-</subfield><subfield code="t">12</subfield><subfield code="u">1</subfield><subfield code="v">0</subfield><subfield code="w">0</subfield><subfield code="x">0</subfield><subfield code="y">.i2106992x</subfield><subfield code="z">910405</subfield></datafield><datafield tag="945" ind1=" " ind2=" "><subfield code="c">v.17 1963</subfield><subfield code="g">1</subfield><subfield code="h">0</subfield><subfield code="i">30650017988490</subfield><subfield code="j">  -  -  </subfield><subfield code="l">ps5  </subfield><subfield code="o">z</subfield><subfield code="p">$0.00</subfield><subfield code="q">-</subfield><subfield code="s">-</subfield><subfield code="t">12</subfield><subfield code="u">0</subfield><subfield code="v">0</subfield><subfield code="w">0</subfield><subfield code="x">0</subfield><subfield code="y">.i29938107</subfield><subfield code="z">021217</subfield></datafield><datafield tag="945" ind1=" " ind2=" "><subfield code="c">v.18 1964</subfield><subfield code="g">1</subfield><subfield code="h">0</subfield><subfield code="i">30650017988532</subfield><subfield code="j">  -  -  </subfield><subfield code="l">ps5  </subfield><subfield code="o">z</subfield><subfield code="p">$0.00</subfield><subfield code="q">-</subfield><subfield code="s">-</subfield><subfield code="t">12</subfield><subfield code="u">0</subfield><subfield code="v">0</subfield><subfield code="w">0</subfield><subfield code="x">0</subfield><subfield code="y">.i29938119</subfield><subfield code="z">021217</subfield></datafield><datafield tag="945" ind1=" " ind2=" "><subfield code="c">v.19 1965 Inc.</subfield><subfield code="g">1</subfield><subfield code="h">0</subfield><subfield code="i">30650017988573</subfield><subfield code="j">  -  -  </subfield><subfield code="l">ps5  </subfield><subfield code="o">z</subfield><subfield code="p">$0.00</subfield><subfield code="q">-</subfield><subfield code="s">-</subfield><subfield code="t">12</subfield><subfield code="u">0</subfield><subfield code="v">0</subfield><subfield code="w">0</subfield><subfield code="x">0</subfield><subfield code="y">.i29938120</subfield><subfield code="z">021217</subfield></datafield><datafield tag="945" ind1=" " ind2=" "><subfield code="c">v.20 1966</subfield><subfield code="g">1</subfield><subfield code="h">0</subfield><subfield code="i">30650017988615</subfield><subfield code="j">  -  -  </subfield><subfield code="l">ps5  </subfield><subfield code="o">z</subfield><subfield code="p">$0.00</subfield><subfield code="q">-</subfield><subfield code="s">-</subfield><subfield code="t">12</subfield><subfield code="u">0</subfield><subfield code="v">0</subfield><subfield code="w">0</subfield><subfield code="x">0</subfield><subfield code="y">.i29938132</subfield><subfield code="z">021217</subfield></datafield><datafield tag="945" ind1=" " ind2=" "><subfield code="c">v.21 1967 </subfield><subfield code="g">1</subfield><subfield code="h">0</subfield><subfield code="i">30650017988342</subfield><subfield code="j">  -  -  </subfield><subfield code="l">ps5  </subfield><subfield code="o">z</subfield><subfield code="p">$0.00</subfield><subfield code="q">-</subfield><subfield code="s">-</subfield><subfield code="t">12</subfield><subfield code="u">0</subfield><subfield code="v">0</subfield><subfield code="w">0</subfield><subfield code="x">0</subfield><subfield code="y">.i29938144</subfield><subfield code="z">021217</subfield></datafield><datafield tag="945" ind1=" " ind2=" "><subfield code="c">v.22 1968</subfield><subfield code="g">1</subfield><subfield code="h">0</subfield><subfield code="i">30650017988383</subfield><subfield code="j">  -  -  </subfield><subfield code="l">ps5  </subfield><subfield code="o">z</subfield><subfield code="p">$0.00</subfield><subfield code="q">-</subfield><subfield code="s">-</subfield><subfield code="t">12</subfield><subfield code="u">1</subfield><subfield code="v">0</subfield><subfield code="w">0</subfield><subfield code="x">0</subfield><subfield code="y">.i21065986</subfield><subfield code="z">910403</subfield></datafield><datafield tag="945" ind1=" " ind2=" "><subfield code="c">v.23 1969</subfield><subfield code="g">1</subfield><subfield code="h">0</subfield><subfield code="i">30650017988425</subfield><subfield code="j">  -  -  </subfield><subfield code="l">ps5  </subfield><subfield code="o">z</subfield><subfield code="p">$0.00</subfield><subfield code="q">-</subfield><subfield code="s">-</subfield><subfield code="t">12</subfield><subfield code="u">0</subfield><subfield code="v">0</subfield><subfield code="w">0</subfield><subfield code="x">0</subfield><subfield code="y">.i29938156</subfield><subfield code="z">021217</subfield></datafield><datafield tag="945" ind1=" " ind2=" "><subfield code="c">v.24 1970 Inc.</subfield><subfield code="g">1</subfield><subfield code="h">0</subfield><subfield code="i">30650017988466</subfield><subfield code="j">  -  -  </subfield><subfield code="l">ps5  </subfield><subfield code="o">z</subfield><subfield code="p">$0.00</subfield><subfield code="q">-</subfield><subfield code="s">-</subfield><subfield code="t">12</subfield><subfield code="u">0</subfield><subfield code="v">0</subfield><subfield code="w">0</subfield><subfield code="x">0</subfield><subfield code="y">.i29938168</subfield><subfield code="z">021217</subfield></datafield><datafield tag="945" ind1=" " ind2=" "><subfield code="c">v.25 1971</subfield><subfield code="g">1</subfield><subfield code="h">0</subfield><subfield code="i">30650017988508</subfield><subfield code="j">  -  -  </subfield><subfield code="l">ps5  </subfield><subfield code="o">z</subfield><subfield code="p">$0.00</subfield><subfield code="q">-</subfield><subfield code="s">-</subfield><subfield code="t">12</subfield><subfield code="u">0</subfield><subfield code="v">0</subfield><subfield code="w">0</subfield><subfield code="x">0</subfield><subfield code="y">.i2993817x</subfield><subfield code="z">021217</subfield></datafield><datafield tag="945" ind1=" " ind2=" "><subfield code="c">v.26 1972</subfield><subfield code="g">1</subfield><subfield code="h">0</subfield><subfield code="i">30650017988540</subfield><subfield code="j">  -  -  </subfield><subfield code="l">ps5  </subfield><subfield code="o">z</subfield><subfield code="p">$0.00</subfield><subfield code="q">-</subfield><subfield code="s">-</subfield><subfield code="t">12</subfield><subfield code="u">0</subfield><subfield code="v">0</subfield><subfield code="w">0</subfield><subfield code="x">0</subfield><subfield code="y">.i29938181</subfield><subfield code="z">021217</subfield></datafield><datafield tag="945" ind1=" " ind2=" "><subfield code="c">v.27 1973</subfield><subfield code="g">1</subfield><subfield code="h">0</subfield><subfield code="i">30650017988581</subfield><subfield code="j">  -  -  </subfield><subfield code="l">ps5  </subfield><subfield code="o">z</subfield><subfield code="p">$0.00</subfield><subfield code="q">-</subfield><subfield code="s">-</subfield><subfield code="t">12</subfield><subfield code="u">0</subfield><subfield code="v">0</subfield><subfield code="w">0</subfield><subfield code="x">0</subfield><subfield code="y">.i2993820x</subfield><subfield code="z">021217</subfield></datafield><datafield tag="945" ind1=" " ind2=" "><subfield code="c">v.28 1974 Inc.</subfield><subfield code="g">1</subfield><subfield code="h">0</subfield><subfield code="i">30650017988623</subfield><subfield code="j">  -  -  </subfield><subfield code="l">ps5  </subfield><subfield code="o">z</subfield><subfield code="p">$0.00</subfield><subfield code="q">-</subfield><subfield code="s">-</subfield><subfield code="t">12</subfield><subfield code="u">0</subfield><subfield code="v">0</subfield><subfield code="w">0</subfield><subfield code="x">0</subfield><subfield code="y">.i29938211</subfield><subfield code="z">021217</subfield></datafield><datafield tag="945" ind1=" " ind2=" "><subfield code="c">v.29 1975</subfield><subfield code="g">1</subfield><subfield code="h">0</subfield><subfield code="i">30650017988359</subfield><subfield code="j">  -  -  </subfield><subfield code="l">ps5  </subfield><subfield code="o">z</subfield><subfield code="p">$0.00</subfield><subfield code="q">-</subfield><subfield code="s">-</subfield><subfield code="t">12</subfield><subfield code="u">1</subfield><subfield code="v">0</subfield><subfield code="w">0</subfield><subfield code="x">0</subfield><subfield code="y">.i21070015</subfield><subfield code="z">910405</subfield></datafield><datafield tag="945" ind1=" " ind2=" "><subfield code="c">v.30 1976</subfield><subfield code="g">1</subfield><subfield code="h">0</subfield><subfield code="i">30650017988391</subfield><subfield code="j">  -  -  </subfield><subfield code="l">ps5  </subfield><subfield code="o">z</subfield><subfield code="p">$0.00</subfield><subfield code="q">-</subfield><subfield code="s">-</subfield><subfield code="t">12</subfield><subfield code="u">0</subfield><subfield code="v">0</subfield><subfield code="w">0</subfield><subfield code="x">0</subfield><subfield code="y">.i29938223</subfield><subfield code="z">021217</subfield></datafield><datafield tag="945" ind1=" " ind2=" "><subfield code="c">v.31 1977</subfield><subfield code="g">1</subfield><subfield code="h">0</subfield><subfield code="i">30650017988433</subfield><subfield code="j">  -  -  </subfield><subfield code="l">ps5  </subfield><subfield code="o">z</subfield><subfield code="p">$0.00</subfield><subfield code="q">-</subfield><subfield code="s">-</subfield><subfield code="t">12</subfield><subfield code="u">0</subfield><subfield code="v">0</subfield><subfield code="w">0</subfield><subfield code="x">0</subfield><subfield code="y">.i29938235</subfield><subfield code="z">021217</subfield></datafield><datafield tag="945" ind1=" " ind2=" "><subfield code="c">v.32 1978</subfield><subfield code="g">1</subfield><subfield code="h">0</subfield><subfield code="i">30650017988474</subfield><subfield code="j">  -  -  </subfield><subfield code="l">ps5  </subfield><subfield code="o">z</subfield><subfield code="p">$0.00</subfield><subfield code="q">-</subfield><subfield code="s">-</subfield><subfield code="t">12</subfield><subfield code="u">0</subfield><subfield code="v">0</subfield><subfield code="w">0</subfield><subfield code="x">0</subfield><subfield code="y">.i29938247</subfield><subfield code="z">021217</subfield></datafield><datafield tag="945" ind1=" " ind2=" "><subfield code="c">v.33 1979</subfield><subfield code="g">1</subfield><subfield code="h">0</subfield><subfield code="i">30650017988516</subfield><subfield code="j">  -  -  </subfield><subfield code="l">ps5  </subfield><subfield code="o">z</subfield><subfield code="p">$0.00</subfield><subfield code="q">-</subfield><subfield code="s">-</subfield><subfield code="t">12</subfield><subfield code="u">0</subfield><subfield code="v">0</subfield><subfield code="w">0</subfield><subfield code="x">0</subfield><subfield code="y">.i29938259</subfield><subfield code="z">021217</subfield></datafield><datafield tag="945" ind1=" " ind2=" "><subfield code="c">v.34 1980</subfield><subfield code="g">1</subfield><subfield code="h">0</subfield><subfield code="i">30650017988557</subfield><subfield code="j">  -  -  </subfield><subfield code="l">ps5  </subfield><subfield code="o">z</subfield><subfield code="p">$0.00</subfield><subfield code="q">-</subfield><subfield code="s">-</subfield><subfield code="t">12</subfield><subfield code="u">0</subfield><subfield code="v">0</subfield><subfield code="w">0</subfield><subfield code="x">0</subfield><subfield code="y">.i29938260</subfield><subfield code="z">021217</subfield></datafield><datafield tag="945" ind1=" " ind2=" "><subfield code="c">v.35 1981</subfield><subfield code="g">1</subfield><subfield code="h">0</subfield><subfield code="i">30650017988599</subfield><subfield code="j">  -  -  </subfield><subfield code="l">ps5  </subfield><subfield code="o">z</subfield><subfield code="p">$0.00</subfield><subfield code="q">-</subfield><subfield code="s">-</subfield><subfield code="t">12</subfield><subfield code="u">1</subfield><subfield code="v">0</subfield><subfield code="w">0</subfield><subfield code="x">0</subfield><subfield code="y">.i21065962</subfield><subfield code="z">910403</subfield></datafield><datafield tag="945" ind1=" " ind2=" "><subfield code="c">v.36 1982</subfield><subfield code="g">1</subfield><subfield code="h">0</subfield><subfield code="i">30650017988631</subfield><subfield code="j">  -  -  </subfield><subfield code="l">ps5  </subfield><subfield code="o">z</subfield><subfield code="p">$0.00</subfield><subfield code="q">-</subfield><subfield code="s">-</subfield><subfield code="t">12</subfield><subfield code="u">0</subfield><subfield code="v">0</subfield><subfield code="w">0</subfield><subfield code="x">0</subfield><subfield code="y">.i29938272</subfield><subfield code="z">021217</subfield></datafield><datafield tag="945" ind1=" " ind2=" "><subfield code="c">v.37 1983 Jan-June</subfield><subfield code="g">1</subfield><subfield code="h">0</subfield><subfield code="i">30650017988367</subfield><subfield code="j">  -  -  </subfield><subfield code="l">ps5  </subfield><subfield code="o">z</subfield><subfield code="p">$0.00</subfield><subfield code="q">-</subfield><subfield code="s">-</subfield><subfield code="t">12</subfield><subfield code="u">0</subfield><subfield code="v">0</subfield><subfield code="w">0</subfield><subfield code="x">0</subfield><subfield code="y">.i29938284</subfield><subfield code="z">021217</subfield></datafield><datafield tag="945" ind1=" " ind2=" "><subfield code="c">v.37 1983 July-Dec</subfield><subfield code="g">1</subfield><subfield code="h">0</subfield><subfield code="i">30650017988409</subfield><subfield code="j">  -  -  </subfield><subfield code="l">ps5  </subfield><subfield code="o">z</subfield><subfield code="p">$0.00</subfield><subfield code="q">-</subfield><subfield code="s">-</subfield><subfield code="t">12</subfield><subfield code="u">0</subfield><subfield code="v">0</subfield><subfield code="w">0</subfield><subfield code="x">0</subfield><subfield code="y">.i29938296</subfield><subfield code="z">021217</subfield></datafield><datafield tag="945" ind1=" " ind2=" "><subfield code="c">v.38 1984</subfield><subfield code="g">1</subfield><subfield code="h">0</subfield><subfield code="i">30650017988441</subfield><subfield code="j">  -  -  </subfield><subfield code="l">ps5  </subfield><subfield code="o">z</subfield><subfield code="p">$0.00</subfield><subfield code="q">-</subfield><subfield code="s">-</subfield><subfield code="t">12</subfield><subfield code="u">0</subfield><subfield code="v">0</subfield><subfield code="w">0</subfield><subfield code="x">0</subfield><subfield code="y">.i29938302</subfield><subfield code="z">021217</subfield></datafield><datafield tag="945" ind1=" " ind2=" "><subfield code="c">v.39 1985</subfield><subfield code="g">1</subfield><subfield code="h">0</subfield><subfield code="i">30650017988482</subfield><subfield code="j">  -  -  </subfield><subfield code="l">ps5  </subfield><subfield code="o">z</subfield><subfield code="p">$0.00</subfield><subfield code="q">-</subfield><subfield code="s">-</subfield><subfield code="t">12</subfield><subfield code="u">0</subfield><subfield code="v">0</subfield><subfield code="w">0</subfield><subfield code="x">0</subfield><subfield code="y">.i29938314</subfield><subfield code="z">021217</subfield></datafield><datafield tag="945" ind1=" " ind2=" "><subfield code="c">v.40 1986 Jan-June</subfield><subfield code="g">1</subfield><subfield code="h">0</subfield><subfield code="i">30650018352571</subfield><subfield code="j">  -  -  </subfield><subfield code="l">ps1  </subfield><subfield code="o">z</subfield><subfield code="p">$0.00</subfield><subfield code="q">-</subfield><subfield code="s">-</subfield><subfield code="t">12</subfield><subfield code="u">0</subfield><subfield code="v">0</subfield><subfield code="w">0</subfield><subfield code="x">0</subfield><subfield code="y">.i33187496</subfield><subfield code="z">071114</subfield></datafield><datafield tag="945" ind1=" " ind2=" "><subfield code="c">v.40 1986 July-Dec</subfield><subfield code="g">1</subfield><subfield code="h">0</subfield><subfield code="i">30650018352589</subfield><subfield code="j">  -  -  </subfield><subfield code="l">ps1  </subfield><subfield code="o">z</subfield><subfield code="p">$0.00</subfield><subfield code="q">-</subfield><subfield code="s">-</subfield><subfield code="t">12</subfield><subfield code="u">0</subfield><subfield code="v">0</subfield><subfield code="w">0</subfield><subfield code="x">0</subfield><subfield code="y">.i33187502</subfield><subfield code="z">071114</subfield></datafield><datafield tag="945" ind1=" " ind2=" "><subfield code="c">v.41 1987 Jan-June</subfield><subfield code="g">1</subfield><subfield code="h">0</subfield><subfield code="i">30650018352597</subfield><subfield code="j">  -  -  </subfield><subfield code="l">ps1  </subfield><subfield code="o">z</subfield><subfield code="p">$0.00</subfield><subfield code="q">-</subfield><subfield code="s">-</subfield><subfield code="t">12</subfield><subfield code="u">0</subfield><subfield code="v">0</subfield><subfield code="w">0</subfield><subfield code="x">0</subfield><subfield code="y">.i33187514</subfield><subfield code="z">071114</subfield></datafield><datafield tag="945" ind1=" " ind2=" "><subfield code="c">v.41 1987 July-Dec</subfield><subfield code="g">1</subfield><subfield code="h">0</subfield><subfield code="i">30650008074995</subfield><subfield code="j">  -  -  </subfield><subfield code="l">ps1  </subfield><subfield code="o">z</subfield><subfield code="p">$0.00</subfield><subfield code="q">-</subfield><subfield code="s">-</subfield><subfield code="t">12</subfield><subfield code="u">0</subfield><subfield code="v">0</subfield><subfield code="w">0</subfield><subfield code="x">0</subfield><subfield code="y">.i33187459</subfield><subfield code="z">071114</subfield></datafield><datafield tag="945" ind1=" " ind2=" "><subfield code="c">v.42 1988 Jan-June</subfield><subfield code="g">1</subfield><subfield code="h">0</subfield><subfield code="i">30650018352605</subfield><subfield code="j">  -  -  </subfield><subfield code="l">ps1  </subfield><subfield code="o">z</subfield><subfield code="p">$0.00</subfield><subfield code="q">-</subfield><subfield code="s">-</subfield><subfield code="t">12</subfield><subfield code="u">0</subfield><subfield code="v">0</subfield><subfield code="w">0</subfield><subfield code="x">0</subfield><subfield code="y">.i33187526</subfield><subfield code="z">071114</subfield></datafield><datafield tag="945" ind1=" " ind2=" "><subfield code="c">v.42 no.4-6 1988 July-Dec</subfield><subfield code="g">1</subfield><subfield code="h">0</subfield><subfield code="i">30650018352613</subfield><subfield code="j">  -  -  </subfield><subfield code="l">ps1  </subfield><subfield code="o">z</subfield><subfield code="p">$0.00</subfield><subfield code="q">-</subfield><subfield code="s">-</subfield><subfield code="t">12</subfield><subfield code="u">0</subfield><subfield code="v">0</subfield><subfield code="w">0</subfield><subfield code="x">0</subfield><subfield code="y">.i33187538</subfield><subfield code="z">071114</subfield></datafield><datafield tag="945" ind1=" " ind2=" "><subfield code="c">v.43 no.1-3 1989 Jan-June</subfield><subfield code="g">1</subfield><subfield code="h">0</subfield><subfield code="i">30650009482718</subfield><subfield code="j">  -  -  </subfield><subfield code="l">ps1  </subfield><subfield code="o">z</subfield><subfield code="p">$0.00</subfield><subfield code="q">-</subfield><subfield code="s">-</subfield><subfield code="t">12</subfield><subfield code="u">1</subfield><subfield code="v">0</subfield><subfield code="w">0</subfield><subfield code="x">0</subfield><subfield code="y">.i2106605x</subfield><subfield code="z">910403</subfield></datafield><datafield tag="945" ind1=" " ind2=" "><subfield code="c">v.43 no.4-6 1989 July-Dec</subfield><subfield code="g">1</subfield><subfield code="h">0</subfield><subfield code="i">30650009500022</subfield><subfield code="j">  -  -  </subfield><subfield code="l">ps1  </subfield><subfield code="o">z</subfield><subfield code="p">$0.00</subfield><subfield code="q">-</subfield><subfield code="s">-</subfield><subfield code="t">12</subfield><subfield code="u">1</subfield><subfield code="v">0</subfield><subfield code="w">0</subfield><subfield code="x">0</subfield><subfield code="y">.i21069979</subfield><subfield code="z">910405</subfield></datafield><datafield tag="945" ind1=" " ind2=" "><subfield code="c">v.44 no.1-3 1990 Jan-June</subfield><subfield code="g">1</subfield><subfield code="h">0</subfield><subfield code="i">30650018352621</subfield><subfield code="j">  -  -  </subfield><subfield code="l">ps1  </subfield><subfield code="o">z</subfield><subfield code="p">$0.00</subfield><subfield code="q">-</subfield><subfield code="s">-</subfield><subfield code="t">12</subfield><subfield code="u">0</subfield><subfield code="v">0</subfield><subfield code="w">0</subfield><subfield code="x">0</subfield><subfield code="y">.i3318754x</subfield><subfield code="z">071114</subfield></datafield><datafield tag="945" ind1=" " ind2=" "><subfield code="c">v.44 no.4-6 1990 July-Dec</subfield><subfield code="g">1</subfield><subfield code="h">0</subfield><subfield code="i">30650018352639</subfield><subfield code="j">  -  -  </subfield><subfield code="l">ps1  </subfield><subfield code="o">z</subfield><subfield code="p">$0.00</subfield><subfield code="q">-</subfield><subfield code="s">-</subfield><subfield code="t">12</subfield><subfield code="u">0</subfield><subfield code="v">0</subfield><subfield code="w">0</subfield><subfield code="x">0</subfield><subfield code="y">.i33187551</subfield><subfield code="z">071114</subfield></datafield><datafield tag="945" ind1=" " ind2=" "><subfield code="c">v.45 no.1-3 1991 Jan-June</subfield><subfield code="g">1</subfield><subfield code="h">0</subfield><subfield code="i">30650018352647</subfield><subfield code="j">  -  -  </subfield><subfield code="l">ps1  </subfield><subfield code="o">z</subfield><subfield code="p">$0.00</subfield><subfield code="q">-</subfield><subfield code="s">-</subfield><subfield code="t">12</subfield><subfield code="u">0</subfield><subfield code="v">0</subfield><subfield code="w">0</subfield><subfield code="x">0</subfield><subfield code="y">.i33187563</subfield><subfield code="z">071114</subfield></datafield><datafield tag="945" ind1=" " ind2=" "><subfield code="c">v.45 no.4-7 1991 July-Dec</subfield><subfield code="g">1</subfield><subfield code="h">0</subfield><subfield code="i">30650020006926</subfield><subfield code="j">  -  -  </subfield><subfield code="l">ps1  </subfield><subfield code="n">no. 7 was special issue published only in 1991</subfield><subfield code="o">z</subfield><subfield code="p">$0.00</subfield><subfield code="q">-</subfield><subfield code="s">-</subfield><subfield code="t">12</subfield><subfield code="u">0</subfield><subfield code="v">0</subfield><subfield code="w">0</subfield><subfield code="x">0</subfield><subfield code="y">.i33060435</subfield><subfield code="z">071106</subfield></datafield><datafield tag="945" ind1=" " ind2=" "><subfield code="c">v.46 no.1-3 1992 Jan-June</subfield><subfield code="g">1</subfield><subfield code="h">0</subfield><subfield code="i">30650016095693</subfield><subfield code="j">04-16-97 13:58</subfield><subfield code="l">ps1  </subfield><subfield code="o">z</subfield><subfield code="p">$0.00</subfield><subfield code="q">-</subfield><subfield code="s">-</subfield><subfield code="t">12</subfield><subfield code="u">1</subfield><subfield code="v">0</subfield><subfield code="w">0</subfield><subfield code="x">0</subfield><subfield code="y">.i24469993</subfield><subfield code="z">970411</subfield></datafield><datafield tag="945" ind1=" " ind2=" "><subfield code="c">v.46 no.4-6 1992 July-Dec</subfield><subfield code="g">1</subfield><subfield code="h">0</subfield><subfield code="i">30650018352654</subfield><subfield code="j">  -  -  </subfield><subfield code="l">ps1  </subfield><subfield code="o">z</subfield><subfield code="p">$0.00</subfield><subfield code="q">-</subfield><subfield code="s">-</subfield><subfield code="t">12</subfield><subfield code="u">0</subfield><subfield code="v">0</subfield><subfield code="w">0</subfield><subfield code="x">0</subfield><subfield code="y">.i33187575</subfield><subfield code="z">071114</subfield></datafield><datafield tag="945" ind1=" " ind2=" "><subfield code="c">v.47 no.1-3 1993 Jan-June</subfield><subfield code="g">1</subfield><subfield code="h">0</subfield><subfield code="i">30650018352662</subfield><subfield code="j">  -  -  </subfield><subfield code="l">ps1  </subfield><subfield code="o">z</subfield><subfield code="p">$0.00</subfield><subfield code="q">-</subfield><subfield code="s">-</subfield><subfield code="t">12</subfield><subfield code="u">0</subfield><subfield code="v">0</subfield><subfield code="w">0</subfield><subfield code="x">0</subfield><subfield code="y">.i33187587</subfield><subfield code="z">071114</subfield></datafield><datafield tag="945" ind1=" " ind2=" "><subfield code="c">v.47 no.4-6 1993 July-Dec</subfield><subfield code="g">1</subfield><subfield code="h">0</subfield><subfield code="i">30650018352670</subfield><subfield code="j">  -  -  </subfield><subfield code="l">ps1  </subfield><subfield code="o">z</subfield><subfield code="p">$0.00</subfield><subfield code="q">-</subfield><subfield code="s">-</subfield><subfield code="t">12</subfield><subfield code="u">0</subfield><subfield code="v">0</subfield><subfield code="w">0</subfield><subfield code="x">0</subfield><subfield code="y">.i33187599</subfield><subfield code="z">071114</subfield></datafield><datafield tag="945" ind1=" " ind2=" "><subfield code="c">v.48 no.1-3 1994 Jan-June</subfield><subfield code="g">1</subfield><subfield code="h">0</subfield><subfield code="i">30650018352688</subfield><subfield code="j">  -  -  </subfield><subfield code="l">ps1  </subfield><subfield code="o">z</subfield><subfield code="p">$0.00</subfield><subfield code="q">-</subfield><subfield code="s">-</subfield><subfield code="t">12</subfield><subfield code="u">0</subfield><subfield code="v">0</subfield><subfield code="w">0</subfield><subfield code="x">0</subfield><subfield code="y">.i33187605</subfield><subfield code="z">071114</subfield></datafield><datafield tag="945" ind1=" " ind2=" "><subfield code="c">v.48 no.4-6 1994 July-Dec</subfield><subfield code="g">1</subfield><subfield code="h">0</subfield><subfield code="i">30650015120781</subfield><subfield code="j">04-13-2000 17:26</subfield><subfield code="l">ps1  </subfield><subfield code="o">z</subfield><subfield code="p">$0.00</subfield><subfield code="q">-</subfield><subfield code="s">-</subfield><subfield code="t">12</subfield><subfield code="u">3</subfield><subfield code="v">0</subfield><subfield code="w">0</subfield><subfield code="x">0</subfield><subfield code="y">.i23559834</subfield><subfield code="z">950830</subfield></datafield><datafield tag="945" ind1=" " ind2=" "><subfield code="c">v.49 no.1-3 1995 Jan-June</subfield><subfield code="g">1</subfield><subfield code="h">0</subfield><subfield code="i">30650018352696</subfield><subfield code="j">  -  -  </subfield><subfield code="l">ps1  </subfield><subfield code="o">z</subfield><subfield code="p">$0.00</subfield><subfield code="q">-</subfield><subfield code="s">-</subfield><subfield code="t">12</subfield><subfield code="u">0</subfield><subfield code="v">0</subfield><subfield code="w">0</subfield><subfield code="x">0</subfield><subfield code="y">.i33187617</subfield><subfield code="z">071114</subfield></datafield><datafield tag="945" ind1=" " ind2=" "><subfield code="c">v.49 no.4-6 1995 July-Dec</subfield><subfield code="g">1</subfield><subfield code="h">0</subfield><subfield code="i">30650018352704</subfield><subfield code="j">  -  -  </subfield><subfield code="l">ps1  </subfield><subfield code="o">z</subfield><subfield code="p">$0.00</subfield><subfield code="q">-</subfield><subfield code="s">-</subfield><subfield code="t">12</subfield><subfield code="u">0</subfield><subfield code="v">0</subfield><subfield code="w">0</subfield><subfield code="x">0</subfield><subfield code="y">.i33187629</subfield><subfield code="z">071114</subfield></datafield><datafield tag="945" ind1=" " ind2=" "><subfield code="c">v.50 no.1-3 1996 Jan-June</subfield><subfield code="g">1</subfield><subfield code="h">0</subfield><subfield code="i">30650018352712</subfield><subfield code="j">  -  -  </subfield><subfield code="l">ps1  </subfield><subfield code="o">z</subfield><subfield code="p">$0.00</subfield><subfield code="q">-</subfield><subfield code="s">-</subfield><subfield code="t">12</subfield><subfield code="u">0</subfield><subfield code="v">0</subfield><subfield code="w">0</subfield><subfield code="x">0</subfield><subfield code="y">.i33187630</subfield><subfield code="z">071114</subfield></datafield><datafield tag="945" ind1=" " ind2=" "><subfield code="c">v.50 no.4-6 1996 July-Dec</subfield><subfield code="g">1</subfield><subfield code="h">0</subfield><subfield code="i">30650016127884</subfield><subfield code="j">  -  -  </subfield><subfield code="l">ps1  </subfield><subfield code="o">z</subfield><subfield code="p">$0.00</subfield><subfield code="q">-</subfield><subfield code="s">-</subfield><subfield code="t">12</subfield><subfield code="u">0</subfield><subfield code="v">0</subfield><subfield code="w">0</subfield><subfield code="x">0</subfield><subfield code="y">.i33187460</subfield><subfield code="z">071114</subfield></datafield><datafield tag="945" ind1=" " ind2=" "><subfield code="c">v.51 no.1-3 1997 Jan-June</subfield><subfield code="g">1</subfield><subfield code="h">0</subfield><subfield code="i">30650018352720</subfield><subfield code="j">  -  -  </subfield><subfield code="l">ps1  </subfield><subfield code="o">z</subfield><subfield code="p">$0.00</subfield><subfield code="q">-</subfield><subfield code="s">-</subfield><subfield code="t">12</subfield><subfield code="u">0</subfield><subfield code="v">0</subfield><subfield code="w">0</subfield><subfield code="x">0</subfield><subfield code="y">.i33187642</subfield><subfield code="z">071114</subfield></datafield><datafield tag="945" ind1=" " ind2=" "><subfield code="c">v.51 no.4-6 1997 July-Dec</subfield><subfield code="g">1</subfield><subfield code="h">0</subfield><subfield code="i">30650018352738</subfield><subfield code="j">  -  -  </subfield><subfield code="l">ps1  </subfield><subfield code="o">z</subfield><subfield code="p">$0.00</subfield><subfield code="q">-</subfield><subfield code="s">-</subfield><subfield code="t">12</subfield><subfield code="u">0</subfield><subfield code="v">0</subfield><subfield code="w">0</subfield><subfield code="x">0</subfield><subfield code="y">.i33187654</subfield><subfield code="z">071114</subfield></datafield><datafield tag="945" ind1=" " ind2=" "><subfield code="c">v.52 no.1-3 1998 Jan-June</subfield><subfield code="g">1</subfield><subfield code="h">0</subfield><subfield code="i">30650018352746</subfield><subfield code="j">  -  -  </subfield><subfield code="l">ps1  </subfield><subfield code="o">z</subfield><subfield code="p">$0.00</subfield><subfield code="q">-</subfield><subfield code="s">-</subfield><subfield code="t">12</subfield><subfield code="u">0</subfield><subfield code="v">0</subfield><subfield code="w">0</subfield><subfield code="x">0</subfield><subfield code="y">.i3318768x</subfield><subfield code="z">071114</subfield></datafield><datafield tag="945" ind1=" " ind2=" "><subfield code="c">v.52 no.4-6 1998 July-Dec</subfield><subfield code="g">1</subfield><subfield code="h">0</subfield><subfield code="i">30650018352753</subfield><subfield code="j">  -  -  </subfield><subfield code="l">ps1  </subfield><subfield code="o">z</subfield><subfield code="p">$0.00</subfield><subfield code="q">-</subfield><subfield code="s">-</subfield><subfield code="t">12</subfield><subfield code="u">0</subfield><subfield code="v">0</subfield><subfield code="w">0</subfield><subfield code="x">0</subfield><subfield code="y">.i33187691</subfield><subfield code="z">071114</subfield></datafield><datafield tag="945" ind1=" " ind2=" "><subfield code="c">v.53 no.1-3 1999 Jan-June</subfield><subfield code="g">1</subfield><subfield code="h">0</subfield><subfield code="i">30650018352761</subfield><subfield code="j">  -  -  </subfield><subfield code="l">ps1  </subfield><subfield code="o">z</subfield><subfield code="p">$0.00</subfield><subfield code="q">-</subfield><subfield code="s">-</subfield><subfield code="t">12</subfield><subfield code="u">0</subfield><subfield code="v">0</subfield><subfield code="w">0</subfield><subfield code="x">0</subfield><subfield code="y">.i33187708</subfield><subfield code="z">071114</subfield></datafield><datafield tag="945" ind1=" " ind2=" "><subfield code="c">v.53 no.4-6 1999 July-Dec</subfield><subfield code="g">1</subfield><subfield code="h">0</subfield><subfield code="i">30650018352779</subfield><subfield code="j">  -  -  </subfield><subfield code="l">ps1  </subfield><subfield code="o">z</subfield><subfield code="p">$0.00</subfield><subfield code="q">-</subfield><subfield code="s">-</subfield><subfield code="t">12</subfield><subfield code="u">0</subfield><subfield code="v">0</subfield><subfield code="w">0</subfield><subfield code="x">0</subfield><subfield code="y">.i33187721</subfield><subfield code="z">071114</subfield></datafield><datafield tag="945" ind1=" " ind2=" "><subfield code="c">v.54 no.1-3 2000 Jan-June</subfield><subfield code="g">1</subfield><subfield code="h">0</subfield><subfield code="i">30650018352787</subfield><subfield code="j">  -  -  </subfield><subfield code="l">ps1  </subfield><subfield code="o">z</subfield><subfield code="p">$0.00</subfield><subfield code="q">-</subfield><subfield code="s">-</subfield><subfield code="t">12</subfield><subfield code="u">0</subfield><subfield code="v">0</subfield><subfield code="w">0</subfield><subfield code="x">0</subfield><subfield code="y">.i33187733</subfield><subfield code="z">071114</subfield></datafield><datafield tag="945" ind1=" " ind2=" "><subfield code="c">v.54 no.4-6 2000 July-Dec</subfield><subfield code="g">1</subfield><subfield code="h">0</subfield><subfield code="i">30650018352795</subfield><subfield code="j">  -  -  </subfield><subfield code="l">ps1  </subfield><subfield code="o">z</subfield><subfield code="p">$0.00</subfield><subfield code="q">-</subfield><subfield code="s">-</subfield><subfield code="t">12</subfield><subfield code="u">0</subfield><subfield code="v">0</subfield><subfield code="w">0</subfield><subfield code="x">0</subfield><subfield code="y">.i33187745</subfield><subfield code="z">071114</subfield></datafield><datafield tag="945" ind1=" " ind2=" "><subfield code="c">v.55 no.1-3 2001 Jan-June</subfield><subfield code="g">1</subfield><subfield code="h">0</subfield><subfield code="i">30650018685210</subfield><subfield code="j">  -  -  </subfield><subfield code="l">ps1  </subfield><subfield code="o">z</subfield><subfield code="p">$0.00</subfield><subfield code="q">-</subfield><subfield code="s">-</subfield><subfield code="t">12</subfield><subfield code="u">0</subfield><subfield code="v">0</subfield><subfield code="w">0</subfield><subfield code="x">0</subfield><subfield code="y">.i29635007</subfield><subfield code="z">020729</subfield></datafield><datafield tag="945" ind1=" " ind2=" "><subfield code="c">v.55 no.4-6 2001-2002</subfield><subfield code="g">1</subfield><subfield code="h">0</subfield><subfield code="i">30650014265686</subfield><subfield code="j">  -  -  </subfield><subfield code="l">ps1  </subfield><subfield code="n">no.6 carries date 2002 (probably published a bit late)</subfield><subfield code="o">z</subfield><subfield code="p">$0.00</subfield><subfield code="q">-</subfield><subfield code="s">-</subfield><subfield code="t">12</subfield><subfield code="u">0</subfield><subfield code="v">0</subfield><subfield code="w">0</subfield><subfield code="x">0</subfield><subfield code="y">.i2983398x</subfield><subfield code="z">021106</subfield></datafield><datafield tag="945" ind1=" " ind2=" "><subfield code="c">v.56 no.1-4 2002</subfield><subfield code="g">1</subfield><subfield code="h">0</subfield><subfield code="i">30650019040613</subfield><subfield code="j">  -  -  </subfield><subfield code="l">ps1  </subfield><subfield code="n">v.56, no.5/6(2002) never published</subfield><subfield code="o">z</subfield><subfield code="p">$0.00</subfield><subfield code="q">-</subfield><subfield code="s">-</subfield><subfield code="t">12</subfield><subfield code="u">0</subfield><subfield code="v">0</subfield><subfield code="w">0</subfield><subfield code="x">0</subfield><subfield code="y">.i31205525</subfield><subfield code="z">040722</subfield></datafield><datafield tag="945" ind1=" " ind2=" "><subfield code="c">v.57 no.1-3 2003 Jan-June</subfield><subfield code="g">1</subfield><subfield code="h">0</subfield><subfield code="i">30650019040738</subfield><subfield code="j">  -  -  </subfield><subfield code="l">ps1  </subfield><subfield code="o">z</subfield><subfield code="p">$0.00</subfield><subfield code="q">-</subfield><subfield code="s">-</subfield><subfield code="t">12</subfield><subfield code="u">0</subfield><subfield code="v">0</subfield><subfield code="w">0</subfield><subfield code="x">0</subfield><subfield code="y">.i31208769</subfield><subfield code="z">040722</subfield></datafield><datafield tag="945" ind1=" " ind2=" "><subfield code="c">v.57 no.4-6 2003 July-Dec</subfield><subfield code="g">1</subfield><subfield code="h">0</subfield><subfield code="i">30650019041132</subfield><subfield code="j">03-07-2006 9:30</subfield><subfield code="l">ps1  </subfield><subfield code="o">z</subfield><subfield code="p">$0.00</subfield><subfield code="q">-</subfield><subfield code="s">-</subfield><subfield code="t">12</subfield><subfield code="u">1</subfield><subfield code="v">0</subfield><subfield code="w">0</subfield><subfield code="x">0</subfield><subfield code="y">.i3120949x</subfield><subfield code="z">040722</subfield></datafield><datafield tag="945" ind1=" " ind2=" "><subfield code="c">v.58 no.1-3 2004 Jan-June</subfield><subfield code="g">1</subfield><subfield code="h">0</subfield><subfield code="i">30650019048988</subfield><subfield code="j">03-07-2006 9:30</subfield><subfield code="l">ps1  </subfield><subfield code="o">z</subfield><subfield code="p">$0.00</subfield><subfield code="q">-</subfield><subfield code="s">-</subfield><subfield code="t">12</subfield><subfield code="u">1</subfield><subfield code="v">0</subfield><subfield code="w">0</subfield><subfield code="x">0</subfield><subfield code="y">.i31395715</subfield><subfield code="z">041129</subfield></datafield><datafield tag="945" ind1=" " ind2=" "><subfield code="c">v.58 no.4-6 2004 July-Dec</subfield><subfield code="g">1</subfield><subfield code="h">0</subfield><subfield code="i">30650019055819</subfield><subfield code="j">03-07-2006 9:30</subfield><subfield code="l">ps1  </subfield><subfield code="o">z</subfield><subfield code="p">$0.00</subfield><subfield code="q">-</subfield><subfield code="s">-</subfield><subfield code="t">12</subfield><subfield code="u">1</subfield><subfield code="v">0</subfield><subfield code="w">0</subfield><subfield code="x">0</subfield><subfield code="y">.i31557946</subfield><subfield code="z">050329</subfield></datafield><datafield tag="945" ind1=" " ind2=" "><subfield code="c">v.59 no.1-3 2005 Jan-June</subfield><subfield code="g">1</subfield><subfield code="h">0</subfield><subfield code="i">30650019076831</subfield><subfield code="j">  -  -  </subfield><subfield code="l">ps1  </subfield><subfield code="o">z</subfield><subfield code="p">$0.00</subfield><subfield code="q">-</subfield><subfield code="s">-</subfield><subfield code="t">12</subfield><subfield code="u">0</subfield><subfield code="v">0</subfield><subfield code="w">0</subfield><subfield code="x">0</subfield><subfield code="y">.i31879949</subfield><subfield code="z">051030</subfield></datafield><datafield tag="945" ind1=" " ind2=" "><subfield code="c">v.59 no.4-6 2005 July-Dec</subfield><subfield code="g">1</subfield><subfield code="h">0</subfield><subfield code="i">30650020018863</subfield><subfield code="j">  -  -  </subfield><subfield code="l">ps1  </subfield><subfield code="o">z</subfield><subfield code="p">$0.00</subfield><subfield code="q">-</subfield><subfield code="s">-</subfield><subfield code="t">12</subfield><subfield code="u">0</subfield><subfield code="v">0</subfield><subfield code="w">0</subfield><subfield code="x">0</subfield><subfield code="y">.i32666871</subfield><subfield code="z">070323</subfield></datafield><datafield tag="945" ind1=" " ind2=" "><subfield code="c">v.60 no.1-3 2006 Jan-June</subfield><subfield code="g">1</subfield><subfield code="h">0</subfield><subfield code="i">30650019970835</subfield><subfield code="j">  -  -  </subfield><subfield code="l">ps1  </subfield><subfield code="o">z</subfield><subfield code="p">$0.00</subfield><subfield code="q">-</subfield><subfield code="s">-</subfield><subfield code="t">12</subfield><subfield code="u">0</subfield><subfield code="v">0</subfield><subfield code="w">0</subfield><subfield code="x">0</subfield><subfield code="y">.i32934361</subfield><subfield code="z">070820</subfield></datafield><datafield tag="945" ind1=" " ind2=" "><subfield code="c">v.60 no.5-6 2006 Sept-Dec</subfield><subfield code="g">1</subfield><subfield code="h">0</subfield><subfield code="i">30650019971270</subfield><subfield code="j">  -  -  </subfield><subfield code="l">ps1  </subfield><subfield code="o">z</subfield><subfield code="p">$0.00</subfield><subfield code="q">-</subfield><subfield code="s">-</subfield><subfield code="t">12</subfield><subfield code="u">0</subfield><subfield code="v">0</subfield><subfield code="w">0</subfield><subfield code="x">0</subfield><subfield code="y">.i32944172</subfield><subfield code="z">070824</subfield></datafield><datafield tag="945" ind1=" " ind2=" "><subfield code="c">v.61 no.1-3 2007 Jan-June</subfield><subfield code="g">1</subfield><subfield code="h">0</subfield><subfield code="i">30650019988365</subfield><subfield code="j">  -  -  </subfield><subfield code="l">ps1  </subfield><subfield code="o">z</subfield><subfield code="p">$0.00</subfield><subfield code="q">-</subfield><subfield code="s">-</subfield><subfield code="t">12</subfield><subfield code="u">0</subfield><subfield code="v">0</subfield><subfield code="w">0</subfield><subfield code="x">0</subfield><subfield code="y">.i33479550</subfield><subfield code="z">080219</subfield></datafield><datafield tag="945" ind1=" " ind2=" "><subfield code="c">v.61 no.4-6 2007 July-Dec</subfield><subfield code="g">1</subfield><subfield code="h">0</subfield><subfield code="i">30650019988373</subfield><subfield code="j">  -  -  </subfield><subfield code="l">ps1  </subfield><subfield code="o">z</subfield><subfield code="p">$0.00</subfield><subfield code="q">-</subfield><subfield code="s">-</subfield><subfield code="t">12</subfield><subfield code="u">0</subfield><subfield code="v">0</subfield><subfield code="w">0</subfield><subfield code="x">0</subfield><subfield code="y">.i33479562</subfield><subfield code="z">080219</subfield></datafield><datafield tag="945" ind1=" " ind2=" "><subfield code="c">v.62 no.1-3 2008 Feb-June</subfield><subfield code="g">1</subfield><subfield code="h">0</subfield><subfield code="i">30650021430273</subfield><subfield code="j">  -  -  </subfield><subfield code="l">ps1  </subfield><subfield code="o">z</subfield><subfield code="p">$0.00</subfield><subfield code="q">-</subfield><subfield code="s">-</subfield><subfield code="t">12</subfield><subfield code="u">0</subfield><subfield code="v">0</subfield><subfield code="w">0</subfield><subfield code="x">0</subfield><subfield code="y">.i34067310</subfield><subfield code="z">090107</subfield></datafield><datafield tag="945" ind1=" " ind2=" "><subfield code="c">v.62 no.4-6 2008 Aug-Dec</subfield><subfield code="g">1</subfield><subfield code="h">0</subfield><subfield code="i">30650021636655</subfield><subfield code="j">  -  -  </subfield><subfield code="l">ps1  </subfield><subfield code="o">z</subfield><subfield code="p">$0.00</subfield><subfield code="q">-</subfield><subfield code="s">-</subfield><subfield code="t">12</subfield><subfield code="u">0</subfield><subfield code="v">0</subfield><subfield code="w">0</subfield><subfield code="x">0</subfield><subfield code="y">.i34432735</subfield><subfield code="z">090908</subfield></datafield><datafield tag="945" ind1=" " ind2=" "><subfield code="c">v.63 2009</subfield><subfield code="g">1</subfield><subfield code="h">0</subfield><subfield code="i">30650021808007</subfield><subfield code="j">  -  -  </subfield><subfield code="l">ps1  </subfield><subfield code="o">z</subfield><subfield code="p">$0.00</subfield><subfield code="q">-</subfield><subfield code="s">-</subfield><subfield code="t">12</subfield><subfield code="u">0</subfield><subfield code="v">0</subfield><subfield code="w">0</subfield><subfield code="x">0</subfield><subfield code="y">.i34613821</subfield><subfield code="z">100301</subfield></datafield><datafield tag="945" ind1=" " ind2=" "><subfield code="c">v.64 2010</subfield><subfield code="g">1</subfield><subfield code="h">0</subfield><subfield code="i">30650022104281</subfield><subfield code="j">  -  -  </subfield><subfield code="l">ps1  </subfield><subfield code="o">z</subfield><subfield code="p">$0.00</subfield><subfield code="q">-</subfield><subfield code="r">-</subfield><subfield code="s">-</subfield><subfield code="t">12</subfield><subfield code="u">0</subfield><subfield code="v">0</subfield><subfield code="w">0</subfield><subfield code="x">0</subfield><subfield code="y">.i34999656</subfield><subfield code="z">110225</subfield></datafield><datafield tag="945" ind1=" " ind2=" "><subfield code="c">v.66 2012</subfield><subfield code="g">1</subfield><subfield code="h">0</subfield><subfield code="i">30650022613893</subfield><subfield code="j">  -  -  </subfield><subfield code="l">ps1  </subfield><subfield code="o">z</subfield><subfield code="p">$0.00</subfield><subfield code="q">-</subfield><subfield code="r">-</subfield><subfield code="s">-</subfield><subfield code="t">12</subfield><subfield code="u">0</subfield><subfield code="v">0</subfield><subfield code="w">0</subfield><subfield code="x">0</subfield><subfield code="y">.i35994861</subfield><subfield code="z">130315</subfield></datafield><datafield tag="945" ind1=" " ind2=" "><subfield code="c">v.67 2013</subfield><subfield code="g">1</subfield><subfield code="h">0</subfield><subfield code="i">30650022662478</subfield><subfield code="j">  -  -  </subfield><subfield code="l">ps1  </subfield><subfield code="o">z</subfield><subfield code="p">$0.00</subfield><subfield code="q">-</subfield><subfield code="r">-</subfield><subfield code="s">-</subfield><subfield code="t">12</subfield><subfield code="u">0</subfield><subfield code="v">0</subfield><subfield code="w">0</subfield><subfield code="x">0</subfield><subfield code="y">.i36215533</subfield><subfield code="z">140318</subfield></datafield><datafield tag="945" ind1=" " ind2=" "><subfield code="c">v.68 2014</subfield><subfield code="g">1</subfield><subfield code="h">0</subfield><subfield code="i">30650022977280</subfield><subfield code="j">  -  -  </subfield><subfield code="l">ps1  </subfield><subfield code="o">z</subfield><subfield code="p">$0.00</subfield><subfield code="q">-</subfield><subfield code="r">-</subfield><subfield code="s">-</subfield><subfield code="t">12</subfield><subfield code="u">0</subfield><subfield code="v">0</subfield><subfield code="w">0</subfield><subfield code="x">0</subfield><subfield code="y">.i36389171</subfield><subfield code="z">150414</subfield></datafield><datafield tag="945" ind1=" " ind2=" "><subfield code="a">Z119</subfield><subfield code="b">.P8985</subfield><subfield code="c">v.69 no.1 2015 Feb</subfield><subfield code="g">1</subfield><subfield code="h">0</subfield><subfield code="i">30650023226943</subfield><subfield code="j">  -  -  </subfield><subfield code="l">pru  </subfield><subfield code="o">z</subfield><subfield code="p">$0.00</subfield><subfield code="q">-</subfield><subfield code="r">-</subfield><subfield code="s">-</subfield><subfield code="t">12</subfield><subfield code="u">0</subfield><subfield code="v">0</subfield><subfield code="w">0</subfield><subfield code="x">0</subfield><subfield code="y">.i36570692</subfield><subfield code="z">160408</subfield></datafield><datafield tag="945" ind1=" " ind2=" "><subfield code="a">Z119</subfield><subfield code="b">.P8985</subfield><subfield code="c">v.69 no.3 2015 summer</subfield><subfield code="g">1</subfield><subfield code="h">0</subfield><subfield code="i">30650023226950</subfield><subfield code="j">  -  -  </subfield><subfield code="l">pru  </subfield><subfield code="o">z</subfield><subfield code="p">$0.00</subfield><subfield code="q">-</subfield><subfield code="r">-</subfield><subfield code="s">-</subfield><subfield code="t">12</subfield><subfield code="u">0</subfield><subfield code="v">0</subfield><subfield code="w">0</subfield><subfield code="x">0</subfield><subfield code="y">.i36570710</subfield><subfield code="z">160408</subfield></datafield><datafield tag="945" ind1=" " ind2=" "><subfield code="a">Z119</subfield><subfield code="b">.P8985</subfield><subfield code="c">v.69 no.3 2015 summer</subfield><subfield code="g">2</subfield><subfield code="h">0</subfield><subfield code="i">30650023226968</subfield><subfield code="j">  -  -  </subfield><subfield code="l">pru  </subfield><subfield code="o">z</subfield><subfield code="p">$0.00</subfield><subfield code="q">-</subfield><subfield code="r">-</subfield><subfield code="s">-</subfield><subfield code="t">12</subfield><subfield code="u">0</subfield><subfield code="v">0</subfield><subfield code="w">0</subfield><subfield code="x">0</subfield><subfield code="y">.i36570722</subfield><subfield code="z">160408</subfield></datafield><datafield tag="945" ind1=" " ind2=" "><subfield code="a">Z119</subfield><subfield code="b">.P8985</subfield><subfield code="c">v.69 no.4 2015 Aug</subfield><subfield code="g">1</subfield><subfield code="h">0</subfield><subfield code="i">30650023226976</subfield><subfield code="j">  -  -  </subfield><subfield code="l">pru  </subfield><subfield code="o">n</subfield><subfield code="p">$0.00</subfield><subfield code="q">-</subfield><subfield code="r">-</subfield><subfield code="s">-</subfield><subfield code="t">12</subfield><subfield code="u">0</subfield><subfield code="v">0</subfield><subfield code="w">0</subfield><subfield code="x">0</subfield><subfield code="y">.i36570734</subfield><subfield code="z">160408</subfield></datafield><datafield tag="945" ind1=" " ind2=" "><subfield code="a">Z119</subfield><subfield code="b">.P8985</subfield><subfield code="c">v.69 no.5 2015 winter</subfield><subfield code="g">1</subfield><subfield code="h">0</subfield><subfield code="i">30650023226984</subfield><subfield code="j">  -  -  </subfield><subfield code="l">pru  </subfield><subfield code="o">z</subfield><subfield code="p">$0.00</subfield><subfield code="q">-</subfield><subfield code="r">-</subfield><subfield code="s">-</subfield><subfield code="t">12</subfield><subfield code="u">0</subfield><subfield code="v">0</subfield><subfield code="w">0</subfield><subfield code="x">0</subfield><subfield code="y">.i36570746</subfield><subfield code="z">160408</subfield></datafield><datafield tag="974" ind1=" " ind2=" "><subfield code="a">p recat rm; v.56, no.5/6(2002) never published; barcoded/DISPLAYED-rm 02/08</subfield><subfield code="9">LOCAL</subfield></datafield><datafield tag="974" ind1=" " ind2=" "><subfield code="a">SerSol print list 10/09--rm</subfield><subfield code="9">LOCAL</subfield></datafield><datafield tag="974" ind1=" " ind2=" "><subfield code="a">ypsersreclamy</subfield><subfield code="9">LOCAL</subfield></datafield><datafield tag="999" ind1=" " ind2=" "><subfield code="a">cdsm</subfield><subfield code="b">1</subfield><subfield code="c">080926</subfield><subfield code="d">c</subfield><subfield code="e">p</subfield><subfield code="f">-</subfield><subfield code="g">0</subfield></datafield></record>