<record><leader>02017cas a2200601   4500</leader><controlfield tag="001">991022154379702917</controlfield><controlfield tag="005">20160405023328.2</controlfield><controlfield tag="008">750920c19709999fr fx p       0   b0fre c</controlfield><datafield tag="010" ind1=" " ind2=" "><subfield code="a">   76649737 </subfield></datafield><datafield tag="012" ind1=" " ind2=" "><subfield code="a">3</subfield><subfield code="b">3</subfield><subfield code="i">8810</subfield></datafield><datafield tag="016" ind1="7" ind2=" "><subfield code="a">007865296</subfield><subfield code="2">Uk</subfield></datafield><datafield tag="019" ind1=" " ind2=" "><subfield code="a">3922850</subfield><subfield code="a">4732633</subfield></datafield><datafield tag="022" ind1=" " ind2=" "><subfield code="a">0032-2024</subfield><subfield code="l">0032-2024</subfield><subfield code="2">z</subfield></datafield><datafield tag="029" ind1="1" ind2=" "><subfield code="a">NZ1</subfield><subfield code="b">4343379</subfield></datafield><datafield tag="029" ind1="1" ind2=" "><subfield code="a">AU@</subfield><subfield code="b">000000896177</subfield></datafield><datafield tag="029" ind1="1" ind2=" "><subfield code="a">NZ1</subfield><subfield code="b">12210287</subfield></datafield><datafield tag="029" ind1="1" ind2=" "><subfield code="a">ZWZ</subfield><subfield code="b">001012657</subfield></datafield><datafield tag="029" ind1="1" ind2=" "><subfield code="a">AU@</subfield><subfield code="b">000050757313</subfield></datafield><datafield tag="035" ind1=" " ind2=" "><subfield code="a">ocm01640759-01cals_network</subfield></datafield><datafield tag="035" ind1=" " ind2=" "><subfield code="a">(OCoLC)ocm01640759 </subfield><subfield code="9">ExL</subfield></datafield><datafield tag="035" ind1=" " ind2=" "><subfield code="a">(OCoLC)01640759</subfield><subfield code="z">(OCoLC)3922850</subfield><subfield code="z">(OCoLC)4732633</subfield></datafield><datafield tag="035" ind1=" " ind2=" "><subfield code="a">(EXLNZ-01CALS_NETWORK)991031205639702901</subfield></datafield><datafield tag="040" ind1=" " ind2=" "><subfield code="a">MUL</subfield><subfield code="b">eng</subfield><subfield code="c">MUL</subfield><subfield code="d">OCL</subfield><subfield code="d">YUS</subfield><subfield code="d">COO</subfield><subfield code="d">OCL</subfield><subfield code="d">DLC</subfield><subfield code="d">OCL</subfield><subfield code="d">AIP</subfield><subfield code="d">OCL</subfield><subfield code="d">NST</subfield><subfield code="d">NSD</subfield><subfield code="d">NST</subfield><subfield code="d">SYS</subfield><subfield code="d">OCLCQ</subfield><subfield code="d">NLGGC</subfield><subfield code="d">CDS</subfield><subfield code="d">OCLCQ</subfield><subfield code="d">LVB</subfield><subfield code="d">OCLCQ</subfield><subfield code="d">UKMGB</subfield><subfield code="d">GUA</subfield><subfield code="d">IOG</subfield><subfield code="d">OCLCF</subfield></datafield><datafield tag="042" ind1=" " ind2=" "><subfield code="a">pcc</subfield><subfield code="a">nsdp</subfield></datafield><datafield tag="049" ind1=" " ind2=" "><subfield code="a">MAIN</subfield></datafield><datafield tag="050" ind1="0" ind2="0"><subfield code="a">PN3</subfield><subfield code="b">.P64</subfield></datafield><datafield tag="082" ind1="0" ind2="4"><subfield code="a">809</subfield></datafield><datafield tag="210" ind1="0" ind2=" "><subfield code="a">Poétique</subfield></datafield><datafield tag="222" ind1=" " ind2="0"><subfield code="a">Poétique</subfield></datafield><datafield tag="245" ind1="0" ind2="0"><subfield code="a">Poétique.</subfield></datafield><datafield tag="260" ind1=" " ind2=" "><subfield code="a">[Paris]</subfield><subfield code="b">Editions du Seuil.</subfield></datafield><datafield tag="300" ind1=" " ind2=" "><subfield code="a">no.</subfield><subfield code="c">24 cm.</subfield></datafield><datafield tag="310" ind1=" " ind2=" "><subfield code="a">2 issues yearly,</subfield><subfield code="b">2013-</subfield></datafield><datafield tag="321" ind1=" " ind2=" "><subfield code="a">Four no. a year,</subfield><subfield code="b">1970-2012</subfield></datafield><datafield tag="362" ind1="0" ind2=" "><subfield code="a">1- 1970-</subfield></datafield><datafield tag="500" ind1=" " ind2=" "><subfield code="a">"Revue de théorie et analyse littéraires."</subfield></datafield><datafield tag="530" ind1=" " ind2=" "><subfield code="a">Also issued online.</subfield></datafield><datafield tag="650" ind1=" " ind2="0"><subfield code="a">Literature</subfield><subfield code="x">History and criticism</subfield><subfield code="v">Periodicals.</subfield></datafield><datafield tag="650" ind1="1" ind2="7"><subfield code="a">Frans.</subfield><subfield code="2">gtt</subfield></datafield><datafield tag="650" ind1="1" ind2="7"><subfield code="a">Letterkunde.</subfield><subfield code="2">gtt</subfield></datafield><datafield tag="650" ind1="1" ind2="7"><subfield code="a">Dichtkunst.</subfield><subfield code="2">gtt</subfield></datafield><datafield tag="650" ind1=" " ind2="6"><subfield code="a">Littérature</subfield><subfield code="x">Histoire et critique</subfield><subfield code="v">Périodiques.</subfield></datafield><datafield tag="650" ind1=" " ind2="6"><subfield code="a">Poétique</subfield><subfield code="v">Périodiques.</subfield></datafield><datafield tag="650" ind1=" " ind2="7"><subfield code="a">Literature.</subfield><subfield code="2">fast</subfield><subfield code="0">(OCoLC)fst00999953</subfield></datafield><datafield tag="655" ind1=" " ind2="7"><subfield code="a">Criticism, interpretation, etc.</subfield><subfield code="2">fast</subfield><subfield code="0">(OCoLC)fst01411635</subfield></datafield><datafield tag="655" ind1=" " ind2="7"><subfield code="a">Periodicals.</subfield><subfield code="2">fast</subfield><subfield code="0">(OCoLC)fst01411641</subfield></datafield><datafield tag="776" ind1="0" ind2="8"><subfield code="i">Online version:</subfield><subfield code="t">Poétique</subfield><subfield code="w">(OCoLC)564291777</subfield></datafield><datafield tag="850" ind1=" " ind2=" "><subfield code="a">AU</subfield><subfield code="a">CStclU</subfield><subfield code="a">CtU</subfield><subfield code="a">DLC</subfield><subfield code="a">DeU</subfield><subfield code="a">FMU</subfield><subfield code="a">GU</subfield><subfield code="a">INS</subfield><subfield code="a">MChB</subfield><subfield code="a">MMeT</subfield><subfield code="a">NjR</subfield><subfield code="a">PPiC</subfield><subfield code="a">TxLT</subfield></datafield><datafield tag="891" ind1="0" ind2="3"><subfield code="9">853</subfield><subfield code="8">1</subfield><subfield code="a">(*)</subfield><subfield code="i">(year)</subfield></datafield><datafield tag="891" ind1="4" ind2="0"><subfield code="9">863</subfield><subfield code="8">1</subfield><subfield code="a">&lt;1&gt;-</subfield><subfield code="i">&lt;1970&gt;-</subfield><subfield code="x">provisional</subfield></datafield><datafield tag="891" ind1="2" ind2="0"><subfield code="9">853</subfield><subfield code="8">1</subfield><subfield code="a">(*)</subfield><subfield code="i">(year)</subfield><subfield code="j">(month)</subfield><subfield code="w">q</subfield><subfield code="x">02</subfield></datafield><datafield tag="891" ind1="4" ind2="1"><subfield code="9">853</subfield><subfield code="8">1</subfield><subfield code="a">&lt;141&gt;</subfield><subfield code="i">&lt;2005&gt;</subfield><subfield code="j">&lt;02&gt;</subfield></datafield><datafield tag="852" ind1="0" ind2="1"><subfield code="8">22167634260002917</subfield><subfield code="b">Main</subfield><subfield code="c">psx</subfield><subfield code="h">PN3</subfield><subfield code="i">.P64</subfield></datafield><datafield tag="853" ind1=" " ind2=" "><subfield code="8">22167634260002917.1</subfield><subfield code="8">1</subfield><subfield code="a">no.</subfield><subfield code="i">(year)</subfield><subfield code="j">(month)</subfield></datafield><datafield tag="863" ind1=" " ind2=" "><subfield code="8">22167634260002917.2</subfield><subfield code="8">1.1</subfield><subfield code="a">1-2</subfield><subfield code="i">1970-1970</subfield><subfield code="j">02-04</subfield><subfield code="w">g</subfield></datafield><datafield tag="863" ind1=" " ind2=" "><subfield code="8">22167634260002917.3</subfield><subfield code="8">1.2</subfield><subfield code="a">4-</subfield><subfield code="i">1970-</subfield><subfield code="j">12-</subfield></datafield><datafield tag="868" ind1=" " ind2=" "><subfield code="8">22167634260002917.4</subfield><subfield code="a">no.1/100(1970/1994)</subfield></datafield><datafield tag="852" ind1="0" ind2=" "><subfield code="8">22167634320002917</subfield><subfield code="b">Main</subfield><subfield code="c">pru</subfield><subfield code="h">PN3 .P64</subfield></datafield><datafield tag="852" ind1="0" ind2=" "><subfield code="8">22167634670002917</subfield><subfield code="b">Main</subfield><subfield code="c">ps5</subfield><subfield code="h">PN3 .P64</subfield></datafield><datafield tag="936" ind1=" " ind2=" "><subfield code="a">173 (2013)</subfield></datafield><datafield tag="974" ind1=" " ind2=" "><subfield code="a">p recat rm;</subfield><subfield code="9">LOCAL</subfield></datafield><datafield tag="974" ind1=" " ind2=" "><subfield code="a">SerSol print list 10/09--rm</subfield><subfield code="9">LOCAL</subfield></datafield><datafield tag="974" ind1=" " ind2=" "><subfield code="a">ypsersreclamy</subfield><subfield code="9">LOCAL</subfield></datafield><datafield tag="994" ind1=" " ind2=" "><subfield code="a">92</subfield><subfield code="b">CAC</subfield></datafield><datafield tag="995" ind1=" " ind2=" "><subfield code="a">CSU initial load collection</subfield></datafield></record>