<record><leader>02368cas a2200577 a 4500</leader><controlfield tag="001">991002291839702917</controlfield><controlfield tag="005">20160405021819.1</controlfield><controlfield tag="008">030801c20039999ch fr p       0    0chi c</controlfield><datafield tag="010" ind1=" " ind2=" "><subfield code="a">  2004238692</subfield></datafield><datafield tag="022" ind1=" " ind2=" "><subfield code="a">1727-592X</subfield></datafield><datafield tag="029" ind1="1" ind2=" "><subfield code="a">AU@</subfield><subfield code="b">000015827138</subfield></datafield><datafield tag="029" ind1="1" ind2=" "><subfield code="a">AU@</subfield><subfield code="b">000026352483</subfield></datafield><datafield tag="035" ind1=" " ind2=" "><subfield code="a">ocm52770603-01cals_network</subfield></datafield><datafield tag="035" ind1=" " ind2=" "><subfield code="a">(OCoLC)ocm52770603 </subfield><subfield code="9">ExL</subfield></datafield><datafield tag="035" ind1=" " ind2=" "><subfield code="a">(OCoLC)52770603</subfield></datafield><datafield tag="035" ind1=" " ind2=" "><subfield code="a">(EXLNZ-01CALS_NETWORK)991050390639702901</subfield></datafield><datafield tag="040" ind1=" " ind2=" "><subfield code="a">WAU</subfield><subfield code="b">eng</subfield><subfield code="c">WAU</subfield><subfield code="d">CDS</subfield><subfield code="d">DLC</subfield><subfield code="d">IUL</subfield><subfield code="d">CLU</subfield><subfield code="d">DLC</subfield><subfield code="d">CUS</subfield><subfield code="d">CUV</subfield><subfield code="d">UAB</subfield><subfield code="d">OCLCQ</subfield><subfield code="d">OCLCF</subfield><subfield code="d">OCLCO</subfield></datafield><datafield tag="042" ind1=" " ind2=" "><subfield code="a">pcc</subfield></datafield><datafield tag="043" ind1=" " ind2=" "><subfield code="a">a-ch---</subfield></datafield><datafield tag="049" ind1=" " ind2=" "><subfield code="a">MAIN</subfield></datafield><datafield tag="050" ind1="0" ind2="0"><subfield code="a">HQ1111</subfield><subfield code="b">.F8</subfield></datafield><datafield tag="066" ind1=" " ind2=" "><subfield code="c">$1</subfield></datafield><datafield tag="245" ind1="0" ind2="0"><subfield code="6">880-01</subfield><subfield code="a">Fu yan zong heng =</subfield><subfield code="b">Forum in women's and gender studies.</subfield></datafield><datafield tag="880" ind1="0" ind2="0"><subfield code="6">245-01/$1</subfield><subfield code="a">婦研縦横 =</subfield><subfield code="b">Forum in women's and gender studies.</subfield></datafield><datafield tag="246" ind1="3" ind2="1"><subfield code="a">Forum in women's and gender studies</subfield></datafield><datafield tag="260" ind1=" " ind2=" "><subfield code="6">880-02</subfield><subfield code="a">Taibei Shi :</subfield><subfield code="b">Taiwan da xue ren kou yu xing bie yan jiu zhong xin fu nü yu xing bie yan jiu zu,</subfield><subfield code="c">[2003]-</subfield></datafield><datafield tag="880" ind1=" " ind2=" "><subfield code="6">260-02/$1</subfield><subfield code="a">台北市 :</subfield><subfield code="b">台灣大學人口與性别研究中心婦女與性别研究組,</subfield><subfield code="c">[2003]-</subfield></datafield><datafield tag="300" ind1=" " ind2=" "><subfield code="a">v. :</subfield><subfield code="b">ill. ;</subfield><subfield code="c">26 cm.</subfield></datafield><datafield tag="310" ind1=" " ind2=" "><subfield code="a">Two no. a year,</subfield><subfield code="b">2010-</subfield></datafield><datafield tag="321" ind1=" " ind2=" "><subfield code="a">Quarterly,</subfield><subfield code="b">-2008</subfield></datafield><datafield tag="321" ind1=" " ind2=" "><subfield code="a">Three no. a year,</subfield><subfield code="b">2009</subfield></datafield><datafield tag="362" ind1="0" ind2=" "><subfield code="6">880-03</subfield><subfield code="a">Di 66 qi (2003.4 [Apr. 2003]))-</subfield></datafield><datafield tag="880" ind1="0" ind2=" "><subfield code="6">362-03/$1</subfield><subfield code="a">第66期 (2003.4 [Apr. 2003]))-</subfield></datafield><datafield tag="500" ind1=" " ind2=" "><subfield code="a">Title from cover.</subfield></datafield><datafield tag="588" ind1=" " ind2=" "><subfield code="a">Latest issue consulted: 92 (2010.4 [Apr. 2010]).</subfield></datafield><datafield tag="650" ind1=" " ind2="0"><subfield code="a">Women</subfield><subfield code="v">Periodicals.</subfield></datafield><datafield tag="650" ind1=" " ind2="0"><subfield code="a">Women</subfield><subfield code="z">Taiwan</subfield><subfield code="v">Periodicals.</subfield></datafield><datafield tag="650" ind1=" " ind2="0"><subfield code="a">Sex role</subfield><subfield code="z">Taiwan</subfield><subfield code="v">Periodicals.</subfield></datafield><datafield tag="650" ind1=" " ind2="7"><subfield code="a">Sex role.</subfield><subfield code="2">fast</subfield><subfield code="0">(OCoLC)fst01114598</subfield></datafield><datafield tag="650" ind1=" " ind2="7"><subfield code="a">Women.</subfield><subfield code="2">fast</subfield><subfield code="0">(OCoLC)fst01176568</subfield></datafield><datafield tag="651" ind1=" " ind2="7"><subfield code="a">Taiwan.</subfield><subfield code="2">fast</subfield><subfield code="0">(OCoLC)fst01207854</subfield></datafield><datafield tag="655" ind1=" " ind2="7"><subfield code="a">Periodicals.</subfield><subfield code="2">fast</subfield><subfield code="0">(OCoLC)fst01411641</subfield></datafield><datafield tag="710" ind1="2" ind2=" "><subfield code="6">880-04</subfield><subfield code="a">Guo li Taiwan da xue.</subfield><subfield code="b">Fu nü yu xing bie yan jiu zu.</subfield></datafield><datafield tag="880" ind1="2" ind2=" "><subfield code="6">710-04/$1</subfield><subfield code="a">國立臺灣大學.</subfield><subfield code="b">婦女與性别研究組.</subfield></datafield><datafield tag="776" ind1="0" ind2="8"><subfield code="6">880-05</subfield><subfield code="i">Online version:</subfield><subfield code="t">Fu yan zong heng</subfield><subfield code="w">(OCoLC)156439364</subfield></datafield><datafield tag="880" ind1="0" ind2="8"><subfield code="6">776-05/$1</subfield><subfield code="i">Online version:</subfield><subfield code="t">婦研縦横</subfield><subfield code="w">(OCoLC)156439364</subfield></datafield><datafield tag="780" ind1="0" ind2="0"><subfield code="6">880-06</subfield><subfield code="t">Fu nü yu xing bie yan jiu tong xun</subfield><subfield code="x">1682-8607</subfield><subfield code="w">(DLC)  2004203135</subfield><subfield code="w">(OCoLC)50743877</subfield></datafield><datafield tag="880" ind1="0" ind2="0"><subfield code="6">780-06/$1</subfield><subfield code="t">婦女與性别研究通訊</subfield><subfield code="x">1682-8607</subfield><subfield code="w">(DLC)  2004203135</subfield><subfield code="w">(OCoLC)50743877</subfield></datafield><datafield tag="850" ind1=" " ind2=" "><subfield code="a">DLC</subfield></datafield><datafield tag="891" ind1="2" ind2="0"><subfield code="9">853</subfield><subfield code="8">1</subfield><subfield code="a">qi</subfield><subfield code="i">(year)</subfield><subfield code="j">(month)</subfield><subfield code="w">q</subfield><subfield code="x">01</subfield><subfield code="y">01,04,07,10</subfield></datafield><datafield tag="891" ind1="4" ind2="1"><subfield code="9">863</subfield><subfield code="8">1.1</subfield><subfield code="a">66</subfield><subfield code="i">2003</subfield><subfield code="j">4</subfield></datafield><datafield tag="852" ind1="0" ind2="1"><subfield code="8">22192893200002917</subfield><subfield code="b">Main</subfield><subfield code="c">psx</subfield><subfield code="h">HQ1111</subfield><subfield code="i">.F82</subfield></datafield><datafield tag="853" ind1=" " ind2=" "><subfield code="8">22192893200002917.1</subfield><subfield code="8">1</subfield><subfield code="a">qi </subfield><subfield code="i">(year)</subfield><subfield code="j">(month)</subfield><subfield code="w">q</subfield><subfield code="x">01</subfield><subfield code="y">01,04,07,10</subfield></datafield><datafield tag="863" ind1=" " ind2=" "><subfield code="8">22192893200002917.2</subfield><subfield code="8">1.1</subfield><subfield code="a">66-79</subfield><subfield code="i">2003-2006</subfield><subfield code="j">04-07</subfield><subfield code="w">g</subfield></datafield><datafield tag="863" ind1=" " ind2=" "><subfield code="8">22192893200002917.3</subfield><subfield code="8">1.2</subfield><subfield code="a">86</subfield><subfield code="i">2008</subfield><subfield code="j">04</subfield><subfield code="w">g</subfield></datafield><datafield tag="863" ind1=" " ind2=" "><subfield code="8">22192893200002917.4</subfield><subfield code="8">1.3</subfield><subfield code="a">89-</subfield><subfield code="i">2009-</subfield><subfield code="j">01-</subfield></datafield><datafield tag="852" ind1="0" ind2=" "><subfield code="8">22192893280002917</subfield><subfield code="b">Main</subfield><subfield code="c">ps5</subfield><subfield code="h">HQ1111 .F82</subfield></datafield><datafield tag="852" ind1="0" ind2=" "><subfield code="8">22192893340002917</subfield><subfield code="b">Main</subfield><subfield code="c">pru</subfield><subfield code="h">HQ1111 .F82</subfield></datafield><datafield tag="974" ind1=" " ind2=" "><subfield code="a">CJK Records</subfield><subfield code="9">LOCAL</subfield></datafield><datafield tag="974" ind1=" " ind2=" "><subfield code="a">SerSol print list 10/09--rm</subfield><subfield code="9">LOCAL</subfield></datafield><datafield tag="974" ind1=" " ind2=" "><subfield code="a">ypsersreclamy</subfield><subfield code="9">LOCAL</subfield></datafield><datafield tag="994" ind1=" " ind2=" "><subfield code="a">92</subfield><subfield code="b">CAC</subfield></datafield><datafield tag="995" ind1=" " ind2=" "><subfield code="a">CSU initial load collection</subfield></datafield></record></collection>